3094 4868
90 3951 96 3986 l

1255 216 1340 298 ‘att
1429 242 1431 249 ’

145 388 244 462 tione
266 387 381 482 Regia
406 393 598 485 provenire
618 387 722 480 solet,
742 387 821 462 dum
838 387 954 466 dudan
970 389 1254 487 legalis‘deiieit3
1282 401 1342 489 aut
1381 457 1384 460 Α

147 490 311 585 elegum,
330 495 550 588 praesoripto
588 491 756 565 Gamerae
782 493 919 586 Regiae
949 494 1150 588 Hungarioo
1178 494 1341 585 riulione,

145 591 207 665 vel
225 593 340 684 Regni
356 593 590 666 Palatinoost
616 596 760 688 propria
768 595 795 681 ';·
810 593 853 665 de
882 593 937 666 his
956 599 1048 667 enim
1066 599 1198 670 mentio
1218 599 1255 666 in
1274 617 1340 668 su-

146 693 346 788 perioribus
365 693 466 766 iacta·
478 705 543 768 est.
572 697 721 766 Tonnrm
751 694 863 767 adhue
880 694 1092 769 Nundinalin
1106 697 1243 769 Judioia
1261 717 1342 768 me-

146 815 247 865 moro
268 794 312 865 ad
329 793 524 868 faciliorem
543 819 590 867 ex
606 799 744 867 ratione
774 800 978 868 commercii·
1003 798 1340 872 administrationem

145 895 322 985 iustitiae,
342 917 433 989 quae
452 896 691 969 Nundinarum
722 900 799 970 sive
828 901 1027 980 annualium
1047 903 1124 974 sive
1143 898 1342 972 hebdoma-

148 993 275 1067 dalium
293 1006 453 1092 tempore
471 999 588 1070 locum
607 999 823 1087 sortiuntun·
840 1009 875 1070 et
900 1001 936 1070 in
956 1004 1063 1072 oertis
1081 1001 1150 1072 huc
1169 1021 1208 1073 se
1238 1000 1342 1071 refe-

147 1096 304 1170 rentibus
324 1098 463 1171 oasibus
483 1102 668 1173 summarie
691 1099 900 1194 procedunt.
927 1099 1104 1197 Speoialia
1131 1100 1212 1171 huie
1238 1101 1342 1174 ludi-

148 1200 283 1270 oiorum
299 1203 425 1293 generi
449 1201 510 1274 lex
527 1203 718 1272 minutatim
743 1204 881 1295 promit.
958 1277 961 1281 ,

602 1395 763 1481 capuit
784 1395 873 1465 lx.

435 1531 489 1612 be
517 1527 794 1612 llllitaribus
820 1527 1061 1612 institutis.

666 1683 703 1768 ὃ.
733 1685 820 1757 750.
915 1693 918 1698 ’

286 1830 660 1904 administrationem
685 1832 760 1904 Ree‘
782 1827 962 1902 Militares
988 1832 1194 1901 antemna.

251 1999 377 2072 Restat
425 2006 463 2070 ut
499 1999 542 2071 de
577 1999 892 2072 Administratione
927 1996 982 2066 rei
1019 1996 1201 2086 militaris,
1238 2007 1341 2092 atque

148 2100 370 2196 homonymis
397 2099 568 2174 Institutis
588 2099 771 2195 quaedam,
799 2097 862 2170 sed
880 2119 992 2191 pauea
1012 2095 1125 2168 solum
1150 2096 1260 2171 verba
1279 2098 1341 2170 fa-

150 2207 304 2290 ciamus;
330 2207 410 2272 nam
429 2203 472 2273 de
493 2201 634 2275 diversa
653 2199 842 2293 regularis,
869 2208 905 2269 et
924 2198 1227 2271 extraordinariae
1244 2199 1343 2271 Mili-

149 2307 219 2376 tiae
239 2306 374 2400 speoie,
402 2303 446 2374 de
464 2303 568 2375 modo
588 2311 821 2398 campestrem
839 2299 1088 2389 eonduotione,
1106 2301 1168 2373 vel
1185 2323 1251 2396 per
1263 2311 1341 2372 sta-

116 2400 117 2412 ’
148 2409 319 2478 tutionem
335 2404 532 2498 supplendi,
553 2403 595 2476 de
614 2403 777 2500 populari
796 2403 1058 2495 conscriptione
1077 2404 1171 2494 quali
1188 2407 1341 2494 ratione,

10 2511 13 2514 ’
150 2527 192 2576 ao
218 2505 324 2576 modo
354 2507 393 2573 in
410 2504 569 2574 ellectum
589 2502 807 2591 deducenda,
837 2502 880 2573 de
909 2500 1042 2573 inlluxu
1062 2501 1197 2572 demum
1215 2502 1342 2596 politi-

150 2624 272 2676 eorum
289 2605 580 2692 Dieasteriorum
598 2603 865 2696 Magistratuum
883 2601 1050 2694 civilium,
1069 2603 1254 2698 Regnique
1273 2605 1342 2676 Ju-

148 2705 392 2780 risdiotionurn
409 2707 445 2774 in
456 2703 737 2792 dislocationem‚
754 2706 1055 2796 intertentionem,
1072 2707 1342 2799 provisionem·

149 2811 218 2900 que
236 2805 384 2878 Militiae
401 2826 583 2898 quaequae
602 2829 667 2900 per
695 2808 797 2897 leges
824 2816 1036 2900 praesenta,
1063 2806 1123 2878 vel
1151 2811 1341 2878 constituta

148 2911 375 2994 usuveniunt‚
402 2926 446 2976 ea
466 2917 590 2978 cuneta
610 2906 762 2980 diversis
779 2928 862 2994 una,
884 2928 926 2977 ao
944 2909 1151 3004 opportunis
1169 2908 1260 2981 locis
1278 2929 1343 3003 per

84 3096 86 3100 y
150 3007 335 3081 decursum
364 3010 483 3101 operis
512 3009 702 3079 interserta
720 3005 903 3075 labentur.
1019 3039 1024 3044 ·

669 3207 706 3294 §.
735 3209 820 3281 751.

290 3350 485 3435 Ordmere,
513 3371 560 3424 aa
581 3350 847 3443 praescribere
872 3349 1100 3441 reparante
1125 3363 1188 3422 eet.

250 3521 305 3593 Ab
323 3519 378 3594 bis
397 3521 532 3615 reliqua
549 3522 610 3593 vel
634 3524 755 3593 striote
775 3532 856 3594 sunt
873 3519 1047 3609 militaria,
1066 3518 1127 3592 vel
1151 3515 1343 3615 Sphaernm

149 3622 407 3718 disciplinarem
424 3621 566 3712 feriunt,
592 3623 629 3694 in
648 3622 772 3716 quibus
790 3622 893 3694 Miles
912 3644 933 3692 a
951 3625 1024 3694 suis
1036 3622 1254 3718 Praepositis
1273 3624 1344 3693 im-

146 3723 299 3796 mediate
330 3723 525 3819 dependet3
569 3724 631 3798 vel
669 3725 1005 3796 administrationem
1042 3725 1153 3820 ipsius
1182 3724 1343 3798 militaris

148 3834 260 3896 status
287 3824 478 3920 politicam,
507 3829 798 3916 oeconomicam,
809 3823 995 3915 J'uridioam
1019 3827 1178 3898 attinent.
1211 3825 1343 3912 Quibus

149 3925 288 4018 quidem
315 3927 508 3999 universim
527 3930 754 4014 sanationes,
782 3949 1010 4021 normamque
1035 3927 1116 3998 Rex
1142 3925 1343 4021 Hungariao

147 4063 200 4076 -
213 4046 279 4120 pro
299 4046 462 4120 supremo
480 4024 671 4100 Belliduois
689 4027 847 4118 inhujus
871 4030 926 4102 sui
943 4029 1060 4120 Regni
1085 4032 1206 4124 copias
1225 4033 1343 4128 impe·
1472 4090 1478 4100 ,

147 4129 204 4198 rio
231 4165 283 4181 -
315 4127 431 4218 (526)
453 4130 657 4200 irrestriete
685 4129 908 4224 praeseribit,
935 4129 1095 4223 banoque
1130 4141 1343 4225 potestatem

148 4228 215 4300 sibi
244 4251 295 4300 ex·
307 4229 426 4301 indole
446 4227 911 4325 Constitutiouispropriam
929 4234 1056 4324 quovis
1079 4240 1239 4326 tempore
1255 4237 1342 4309 vin-
1436 4242 1440 4249 '

147 4327 290 4404 ttearn.
315 4330 360 4404 -ln
383 4335 696 4426 praeseminare.
711 4330 1218 4424 tommenomliomrohtae
1250 4357 1340 4418 ooo-s
