3138 4858
223 165 271 239 te

739 333 778 421 §.
807 339 894 409 447.

227 537 230 544 .
280 483 306 553 Ι
312 485 343 554 V.
371 481 433 554 Ad
454 486 552 554 et'ree
573 483 768 573 physicus,
794 499 831 554 er
855 482 1024 557 morales
1051 482 1346 576 cognoscendus.

322 625 398 698 Huc
429 627 524 700 Juris
552 627 681 723 publici
718 629 896 704 Doctores
934 629 1096 705 referunt
1129 631 1254 703 merito
1282 630 1345 704 Jus
1380 633 1417 704 in

221 751 402 804 numerum
422 728 632 821 Incolurum,
661 731 854 804 eorundem
884 743 1058 822 aetatem,
1084 731 1344 821 conditionem,
1381 741 1418 804 et

221 831 407 902 facultates
428 829 630 923 indagandi,
667 843 841 928 tamquam
870 833 1020 906 medium
1052 833 1096 904 ed
1124 836 1221 906 vires
1258 833 1417 906 Stutnum

220 935 378 1003 internas
396 931 576 1027 physicas,
604 947 639 1007 et
657 936 810 1008 morales
828 934 1056 1022 resciendas3
1083 934 1176 1006 unde
1201 944 1327 1030 postea
1347 937 1416 1004 mi-

221 1033 317 1105 litiae
336 1055 514 1123 numerus,
541 1057 601 1107 res
620 1037 814 1126 tributaria,
835 1036 990 1110 subsidia
1008 1035 1159 1132 denique
1178 1037 1322 1108 alterius
1352 1058 1417 1107 or-

92 1135 96 1142 '
222 1134 311 1206 dinis
339 1137 374 1205 in
393 1137 529 1229 patriae
558 1134 816 1228 defensionem,
846 1140 1092 1227 securitatem,
1119 1137 1180 1209 vel
1209 1141 1414 1209 incremen-

221 1245 292 1306 tum
320 1255 384 1307 sno
409 1237 490 1307 loco
511 1246 546 1307 et
565 1242 696 1312 certius
715 1238 833 1334 deligi,
862 1250 897 1311 et
911 1242 1008 1331 justa
1026 1261 1189 1312 mensura
1206 1238 1415 1327 desiderari,

222 1348 326 1432 atque
354 1337 512 1409 distribui
539 1339 693 1413 valeant.
732 1343 781 1414 At
811 1341 854 1414 de
882 1342 936 1413 his
962 1341 1133 1436 siquidem
1171 1344 1352 1438 speciatim
1378 1344 1416 1413 in

221 1460 367 1511 numero
387 1439 607 1530 objectorum
627 1444 852 1517 comitialium
872 1455 1063 1516 censentur
1074 1445 1203 1536 (399),
1224 1463 1365 1538 semper
1382 1446 1417 1514 in

223 1539 381 1615 Comitiis
405 1545 489 1634 agi,
518 1542 726 1640 delinirique
747 1556 900 1640 oportet.

732 1745 768 1826 ὃ.
798 1749 883 1816 448.

549 1891 581 1960 V.
610 1889 673 1961 Ad
704 1891 788 1960 Viae
815 1891 1099 1984 rempublicam.

324 2039 467 2111 Viarum
489 2035 707 2130 publicarum
743 2047 937 2129 structura,
966 2039 1135 2131 directio,
1173 2043 1414 2129 conservatio,

221 2164 305 2239 pars
323 2151 379 2212 est
404 2138 548 2234 politiae
567 2139 742 2234 publicae,
771 2143 870 2231 cnjus
898 2140 1192 2215 administrandae
1220 2162 1419 2236 supremum

218 2247 291 2336 jus,
321 2243 484 2337 quoniam
498 2240 541 2311 ad
558 2241 695 2333 Regem
713 2246 867 2334 pertinet
886 2243 1016 2333 (445),
1037 2242 1194 2316 dubitare
1213 2265 1285 2315 non
1321 2243 1418 2332 licet,

223 2348 306 2441 quin
335 2347 381 2416 sit
404 2345 439 2412 in
468 2343 546 2432 ejus
571 2349 773 2437 potestate,
811 2347 1017 2415 necessaria
1053 2343 1209 2416 huncio
1238 2342 1355 2432 finem,
1383 2351 1420 2414 et

223 2455 304 2541 apta
323 2443 530 2516 adminicula
551 2442 767 2530 decernere,
795 2442 840 2512 ad
857 2443 990 2534 Legum
1012 2444 1213 2517 sanctiones
1232 2443 1299 2515 hac
1316 2448 1420 2515 etium

222 2551 259 2620 in
276 2556 376 2643 purte
406 2543 652 2616 ellectuandas.
682 2543 771 2614 Hinc
790 2554 858 2633 est,
887 2545 981 2639 quod
1001 2545 1081 2616 dum
1097 2547 1259 2642 publicae
1279 2545 1418 2616 utilita-

222 2651 283 2737 tis,
312 2656 370 2718 aut
396 2648 620 2717 necessitatis
640 2667 747 2716 eausa
774 2648 833 2717 via
853 2656 908 2718 est
929 2648 1188 2736 construendu3
1209 2650 1239 2720 si
1258 2645 1419 2739 erigendi

225 2768 391 2842 aggeres,
417 2756 558 2841 pontes,
585 2749 755 2837 trajectus
783 2745 981 2835 fluminum;
1010 2751 1041 2820 si
1070 2748 1114 2819 ad
1139 2748 1420 2843 promovendum

92 2855 94 2858 ’
223 2850 490 2937 Commercinm,
517 2850 724 2942 itinerisque
742 2848 1008 2922 facilitationem
1027 2846 1190 2939 Canales,
1216 2849 1277 2921 vel
1295 2848 1419 2920 ductus

115 3039 118 3044 A
222 2949 331 3022 ferrei
365 2951 453 3022 strui
483 2949 732 3037 intendantur,
769 2950 872 3021 altior
902 2954 1211 3046 superinspectio,
1257 2959 1294 3022 et
1319 2953 1420 3041 regia

223 3049 431 3146 adprobatio
451 3050 623 3121 accedere
652 3049 791 3140 debeat,
820 3060 923 3144 utque
942 3053 1002 3124 illu
1022 3054 1310 3148 superveniente,
1337 3054 1417 3145 pri-

221 3162 384 3227 vatorum
409 3155 514 3223 etiam
532 3151 738 3240 materialia,
774 3174 815 3223 ue
844 3163 985 3243 tenuta,
1013 3155 1196 3249 persoluto
1225 3153 1322 3244 justo
1349 3175 1421 3223 va-

221 3255 313 3343 lore,
341 3275 385 3326 eo
415 3261 679 3325 convertantur.
709 3253 864 3338 Quorum
893 3256 1019 3326 intuitu
1049 3257 1151 3348 leges
1184 3257 1355 3328 noviores
1386 3256 1418 3344 ¹)

224 3359 385 3448 augustis
404 3355 503 3427 hisce
522 3355 619 3425 curis
648 3354 873 3448 opitulantur.

690 3641 695 3646 q
743 3555 779 3640 δ.
808 3559 893 3631 449.

662 3703 780 3786 Quam
802 3708 982 3794 privatae.

326 3846 553 3942 Separandae
571 3846 809 3937 nihilominus,
838 3870 914 3921 eum
945 3849 988 3922 de
1006 3850 1092 3922 Jure
1112 3853 1248 3924 viarum
1276 3853 1424 3944 quaeri-

223 3959 291 4040 tur,
319 3961 401 4023 sunt
418 3952 499 4022 viae
525 3947 708 4043 publicae,
737 3971 756 4019 u
782 3952 952 4044 privatis3
979 3955 1073 4024 viam
1098 3955 1191 4022 enim
1219 3952 1292 4024 suis
1323 3973 1423 4026 sum·
1453 4015 1456 4020 .

224 4052 316 4124 tibus
340 4061 501 4125 sternere
520 4052 556 4121 in
573 4051 754 4123 territorio
776 4071 841 4125 suo
872 4054 984 4126 cuivis
1012 4054 1188 4156 integrum
1215 4064 1293 4146 est,
1330 4075 1421 4151 quae

218 4222 431 4237 *ι-

259 4289 285 4358 ·)
304 4292 424 4346 consule
447 4291 524 4348 tete.
543 4292 587 4348 2⁵.
610 4291 654 4346 86.
668 4318 702 4331 -
721 4288 800 4347 1840.
817 4288 859 4346 40.
878 4316 910 4331 -·
933 4286 1011 4345 tete.
1031 4288 1073 4346 80.
