3122 4852
233 261 305 336 130

231 431 446 528 ilungariam
473 427 560 503 nulli
586 425 804 522 llajoratus,
849 433 908 498 aut
935 419 1157 518 Senioratus,
1191 423 1290 504 velut
1319 425 1428 504 multo

229 537 444 608 recentioris
473 535 622 606 instituti
650 532 699 622 ‘),
728 530 942 618 exstiterint,
970 551 1061 624 quae
1080 530 1248 621 alienari,
1278 531 1431 606 divisio-

228 640 334 732 uique
354 635 479 726 subjici
497 635 767 729 nequivissent3
795 653 910 725 neque
939 634 1017 704 sine
1036 634 1138 708 simili
1169 631 1315 728 quadm
1334 657 1430 730 pro-

227 742 369 812 visione
404 737 578 827 ejusmodi
616 734 784 830 obligatio
828 732 991 824 familiis,
1035 735 1096 810 vel
1119 735 1222 808 bonis
1253 747 1428 832 perpetuo

228 841 424 914 adhaerens
445 843 585 936 concipi
613 841 749 934 possit;
776 858 866 933 pace
901 839 1079 928 virorum,
1105 838 1174 911 hoc
1198 859 1312 933 nuper
1336 861 1429 936 pro-

226 944 469 1038 pugnantium,
498 951 572 1014 tute
590 942 826 1037 pronunciare
845 937 977 1028 licebit,
1004 960 1070 1012 eos
1091 950 1165 1013 tota
1181 941 1298 1014 veteri
1309 962 1429 1014 rerum

226 1057 428 1118 nostrarum
455 1043 615 1127 doctrina
645 1063 780 1132 errare,
820 1049 925 1135 atque
961 1050 1137 1114 assertum
1171 1041 1312 1116 illorum
1349 1066 1428 1116 cum

227 1149 435 1243 praemissis
455 1149 597 1220 omnino
618 1144 801 1216 conciliari
818 1165 892 1218 non
910 1163 1031 1240 posse.

742 1348 779 1434 §-
808 1350 894 1424 539.

515 1499 758 1592 Famr‘lr'r'aque
784 1518 863 1571 non
890 1497 1145 1572 cohaerebant.

327 1668 404 1741 Neo
429 1667 542 1742 relate
570 1669 614 1742 ad
637 1670 824 1755 Procones,
852 1687 942 1760 quos
971 1666 1031 1738 lcx
1068 1666 1223 1740 educere
1249 1668 1428 1745 Banderia

94 1799 97 1804 ¹
220 1770 339 1861 jubet,
357 1768 419 1843 vel
446 1768 550 1842 simili
580 1792 657 1841 cum
685 1769 898 1862 ohligamine
927 1770 1083 1840 seriatim
1111 1781 1278 1844 recenset
1307 1770 1355 1863 ¹³),
1390 1785 1430 1846 et

223 1877 282 1966 qui
306 1880 389 1970 post
415 1893 486 1944 non
505 1870 650 1964 longum
668 1869 758 1944 adeo
787 1873 957 1965 temporis
976 1871 1213 1962 intervallum,
1243 1874 1339 1968 quod
1365 1878 1428 1947 in-
1442 1937 1458 1967 ,

221 1985 278 2045 ter
296 1976 458 2066 regimen
477 1972 702 2066 Sigismundi,
736 1971 889 2044 lllathiae
912 1981 949 2042 et
966 1970 1138 2044 Vladislai
1156 1977 1424 2063 intercesserat,

222 2076 315 2148 haud
334 2076 473 2165 eodem,
502 2075 566 2146 sed
583 2079 685 2147 vario
713 2093 861 2146 numero
888 2085 1114 2168 comparent,
1144 2076 1238 2147 aliud
1272 2078 1425 2150 conclu-

225 2179 310 2251 dere
329 2181 426 2267 licet,
455 2199 558 2271 quam
586 2199 651 2249 eos
670 2187 738 2249 tam
757 2174 881 2270 amplis
899 2173 1025 2265 bonis,
1052 2175 1182 2271 illaque
1214 2179 1423 2253 colonorum

220 2283 425 2354 mulitudine
462 2278 673 2368 abundasse,
710 2290 748 2351 ut
784 2286 879 2348 tanta
904 2286 985 2370 post
1012 2279 1205 2350 institutam
1240 2290 1422 2374 portarum

222 2381 585 2466 connumerationem,
605 2379 758 2471 phalanx
776 2377 857 2449 inde
875 2377 1080 2470 resultaret,
1100 2403 1191 2476 quae
1209 2379 1421 2454 Banderium

160 2509 162 2514 ·
220 2486 408 2578 integrum,
436 2480 599 2569 medium,
638 2479 698 2553 vel
727 2479 878 2571 denique
908 2488 1069 2552 octavum
1097 2479 1256 2571 ejusdem
1283 2493 1420 2578 partem
1542 2529 1543 2563 2

175 2595 177 2602 ⁴
221 2598 422 2679 aequasset·
510 2675 513 2682 Ι

738 2785 772 2871 §.
804 2787 887 2858 540.

652 2933 764 3020 Quod
781 2932 981 3026 probator.

319 3107 485 3180 Prostant
512 3105 651 3200 quidem
688 3105 917 3200 complurium
954 3104 1180 3178 collationum
1223 3112 1415 3202 specimina

217 3231 296 3280 cum
316 3229 489 3306 expressa
508 3207 751 3280 exercituaudl
770 3211 956 3295 servitute,
978 3228 1125 3301 quorum
1143 3210 1329 3284 nonnullas
1342 3233 1417 3284 uo-

218 3313 374 3383 minatim
390 3309 643 3383 Bartholomeo
664 3308 791 3386 comiti
810 3308 853 3380 de
873 3307 1026 3400 Veglia,
1055 3321 1092 3382 et
1108 3310 1274 3384 Familiae
1294 3313 1415 3387 Rados

213 3435 236 3482 a
253 3412 340 3486 Bela
359 3411 416 3484 lll.
444 3421 482 3482 et
499 3412 643 3486 Andrea
670 3409 712 3483 ll.
733 3410 890 3504 Regibus
918 3409 984 3482 hac
1003 3411 1067 3484 sub
1087 3412 1291 3488 conditione
1302 3413 1417 3506 datas,
1527 3411 1529 3478 Ῐ

215 3516 293 3608 ipse
323 3515 404 3589 alibi
423 3513 662 3608 allegaveram
681 3513 739 3606 (§.
772 3513 878 3604 189),
902 3515 1067 3584 existimo
1095 3525 1213 3598 tamen
1237 3521 1415 3590 neminem
1444 3556 1447 3560 ·

213 3615 307 3706 iore,
336 3622 395 3712 qui
413 3616 633 3710 praetendat,
661 3613 851 3710 quemlibet
869 3615 914 3686 ad
932 3615 1068 3706 dacem,
1095 3617 1295 3711 quindecim
1322 3618 1417 3691 lori·
1525 3643 1526 3655 ¹

215 3726 329 3807 catos,
357 3718 418 3790 vel
435 3718 574 3810 pedites
593 3718 799 3789 statuendos
819 3717 1035 3807 adstrictum,
1061 3730 1252 3815 propterea
1269 3718 1417 3793 Bando-

212 3822 339 3890 riatum
369 3821 536 3888 continuo
574 3823 757 3907 evasisse,
792 3818 852 3891 vel
888 3820 1100 3914 manipulum
1125 3821 1229 3895 adeo
1249 3826 1417 3916 exiguum
1522 3837 1523 3849 ¹

211 3918 377 4022 Banderii
406 3941 534 3990 nomen
554 3923 760 3994 emeruisse.
800 3920 970 4015 Alioquin
995 3921 1086 3992 ultra
1115 3921 1322 3997 documenta
1343 3924 1417 3995 hu-

208 4024 267 4112 jus
297 4025 441 4116 generis
479 4024 719 4116 paucissima,
756 4045 800 4094 ne
828 4045 931 4094 uuam
961 4023 1112 4117 quidem,
1153 4035 1206 4098 tot
1240 4029 1332 4098 iuter
1370 4025 1416 4096 ab
1519 4033 1520 4041 ’

212 4124 393 4198 oblivione
429 4123 624 4196 vindicatas
662 4124 888 4197 donationem
917 4145 1025 4220 super
1054 4127 1279 4223 amplissimis
1310 4129 1418 4201 etiarn
1516 4155 1518 4236 s

198 4267 422 4282 ψ..-

240 4337 266 4399 a)
287 4342 363 4392 1687.
382 4343 409 4395 9.

239 4421 267 4484 ¹³)
287 4423 364 4476 1498.
383 4428 427 4478 20.
446 4432 474 4478 el
491 4428 534 4483 21.
