3122 4852
1297 271 1367 344 117

172 431 208 506 iu
233 429 409 529 politicis,
434 430 646 522 litterariis,
676 431 929 522 numeralibus,
964 433 1192 527 militaribus,
1221 415 1366 511 monta-

172 538 308 608 nisticis
326 536 558 622 Dieasteriis3
584 537 621 606 in
649 529 880 620 civitatibus,
908 535 1124 632 oppidisque
1150 540 1364 635 privilegia,
1458 540 1462 549 '
1500 563 1504 570 ’

171 640 216 708 tis
227 635 454 729 Magistratus
473 640 549 707 sine
568 636 790 723 discrimine3
808 639 843 706 in
852 635 975 707 Militia
994 640 1083 731 ipsa,
1096 650 1131 711 et
1150 640 1362 714 Sacerdotio

172 739 301 831 gradus
337 740 452 832 quivis
483 736 526 807 ad
554 755 707 808 summos
737 758 850 830 usque
877 735 1062 826 honores3'
1096 740 1138 811 ab
1167 743 1364 836 episcopali

172 840 388 912 solummodo
408 861 480 910 non
499 840 613 931 quivis
633 837 798 930 ignobilis
824 841 1048 933 promiscue,
1076 841 1140 914 sed
1169 843 1212 913 de
1230 846 1363 915 rustica

109 1002 112 1006 .
171 940 284 1015 solum
302 940 405 1038 plebe
426 949 523 1011 ortus
543 937 795 1034 prohibebatur
811 961 875 1032 per
894 939 1011 1032 legem
1041 940 1073 1029 ¹)
1094 942 1218 1014 dudum
1247 943 1361 1016 obse-

169 1042 286 1114 lotam.
325 1042 491 1114 Vicissim
517 1049 663 1128 nostra,
691 1040 901 1134 Patremque
927 1050 1064 1128 aetate,
1093 1065 1182 1137 quos
1215 1044 1361 1136 talenta,

167 1147 303 1232 virtus,
332 1153 367 1214 et
385 1145 509 1213 merita
529 1141 744 1230 distinxere,
773 1161 838 1213 eos
856 1163 923 1236 per
939 1140 1180 1234 Augustorum
1199 1145 1361 1218 clemen·
1437 1217 1440 1224 ,

168 1249 270 1333 tiam,
306 1255 342 1316 ct
371 1247 605 1337 aequitatem,
635 1243 749 1314 addita
781 1243 883 1315 simul
910 1243 1119 1332 nobilitate,
1157 1251 1358 1341 praecipuis

121 1369 123 1372 ·
168 1349 273 1418 etiam
282 1345 511 1442 Reipublicae
522 1344 699 1418 subselliis
711 1344 872 1417 admotos
883 1366 955 1416 non
972 1366 1053 1416 raro
1074 1366 1192 1420 sumas
1205 1351 1355 1444 experti.

389 1667 391 1674 Χ
619 1551 779 1667 cripuit
800 1565 919 1636 rm.

275 1703 333 1786 tte
358 1700 465 1784 ture
490 1703 713 1802 Armorum,
741 1701 783 1782 et
808 1696 967 1783 Militia
993 1695 1237 1782 ordinaria
1284 1797 1286 1804 ,

691 1875 728 1961 §.
758 1875 840 1947 517.

547 2016 646 2108 Quid
667 2023 743 2094 Jca-
756 2024 987 2096 Amorum?

267 2167 356 2244 Sunt
383 2172 476 2260 ista,
504 2191 595 2265 quae
623 2169 780 2242 seriatim
815 2167 985 2241 haetenus
1022 2165 1197 2258 vidimus,
1241 2170 1359 2242 valida

165 2275 362 2366 adjumenta
390 2273 552 2369 Imperii,
579 2293 645 2365 per
674 2270 817 2344 sescla
845 2279 963 2341 tamem
987 2259 1126 2340 mininie
1155 2272 1357 2364 suffectura,

165 2375 303 2472 quando
322 2375 460 2469 quidem
478 2372 622 2446 brachio
642 2371 743 2445 simul
762 2393 851 2468 opus
877 2382 955 2460 est,
983 2382 1020 2443 et
1044 2372 1179 2444 viribus
1198 2372 1356 2470 physicis

163 2490 336 2571 tamquam
355 2477 542 2573 praesidiis
572 2477 874 2571 pernecessariis,
902 2483 973 2547 tum
1000 2473 1043 2544 ad
1063 2475 1240 2570 quietem,
1269 2477 1353 2550 dul-'

163 2599 295 2673 aesque
322 2582 420 2674 pacis
448 2578 582 2648 fructus
620 2577 849 2664 retinendos,
890 2599 967 2647 cum
1001 2575 1044 2647 ad
1080 2579 1355 2651 anteverteudas

162 2680 335 2752 bellorum
354 2678 594 2766 calamitates,
623 2687 727 2771 atque
745 2677 893 2749 hostiles
913 2680 1062 2773 impetus
1092 2679 1352 2768 retundend0s3

161 2781 273 2856 verbo
294 2781 338 2852 ad
356 2784 549 2869 internam,
578 2790 831 2873 externamque
851 2783 1075 2852 securitatem
1093 2779 1226 2874 populo
1247 2802 1354 2854 asse-

159 2883 327 2972 rendam,
357 2882 451 2976 quod
471 2902 601 2953 munus
629 2881 739 2975 Regis
767 2881 994 2976 praecipuum
1023 2892 1089 2954 est.
1124 2882 1356 2977 llaec'igitur

162 2983 360 3072 adjumenta
385 2987 579 3079 potentiam
603 2982 765 3054 bellicam
792 2983 966 3070 efficiunt,
995 2983 1058 3055 Jus
1085 2994 1201 3055 autem
1230 2985 1353 3057 eadem

160 3080 372 3182 procurandi
390 3085 653 3171 Armorum,
680 3084 741 3156 vel
759 3083 1038 3155 Armaturae
1058 3083 1247 3178 adpellant.

679 3287 714 3373 ὃ.
745 3286 830 3358 518.

375 3434 556 3528 Ejusdem
581 3437 701 3510 robur
727 3441 767 3508 in
791 3425 931 3509 Militia
958 3439 1138 3508 comeant.

258 3585 441 3657 Potentiae
458 3582 608 3655 bellicae
634 3581 756 3655 Robur
774 3583 995 3677 potissimum
1022 3582 1059 3652 in
1084 3579 1208 3652 Militia
1227 3582 1352 3652 eonsi-

159 3687 240 3775 stit,
269 3687 368 3775 cujas
388 3708 507 3756 curam
524 3684 683 3774 Maj0res
711 3694 853 3756 nostros
872 3685 1059 3755 maximam
1086 3680 1265 3772 hahuisse,
1293 3692 1353 3754 te-

159 3797 294 3860 stantur
312 3786 405 3859 bella
424 3789 669 3875 atrocissima„
698 3786 781 3857 olim
797 3785 868 3857 illis
887 3807 980 3880 pene
1000 3785 1188 3874 continua,
1216 3806 1350 3878 reper-

157 3896 251 3959 tatae
269 3891 305 3958 in
323 3888 377 3960 his
398 3911 505 3983 saepe
533 3891 728 3976 victoriae,
755 3897 792 3958 et
809 3896 861 3958 tot
879 3885 1143 3958 Provinciarum
1164 3887 1352 3957 accessio-

157 4009 242 4076 nes;
263 4009 351 4082 quae
365 3994 480 4062 omnia
499 3994 576 4063 sine
595 3994 664 4061 rite
683 3987 843 4060 adhibitis
864 3991 981 4076 armis,
997 4009 1171 4080 nunquam
1188 3986 1350 4082 prolecto

157 4092 234 4163 sine
253 4110 450 4180 armorum,
479 4115 520 4162 ac
538 4093 719 4187 potentiae
740 4091 978 4162 ostentatione
1006 4093 1152 4162 evenire
1170 4095 1347 4183 poterant.

154 4191 334 4284 Alioquin¹
350 4195 535 4283 nouimus,
570 4193 710 4265 militari
739 4193 903 4289 praecise
933 4198 1127 4292 systemate
1166 4211 1243 4263 curn
1272 4190 1351 4290 pri·

155 4337 355 4350 —u-—a-——u-

184 4399 212 4470 ⁸)
230 4400 310 4460 thil.
326 4402 371 4460 et.
