3144 4860
1310 277 1380 360 11'7

181 474 367 551 supremae
387 453 568 545 cujusdam
585 456 708 546 regiae
726 452 936 548 potestatis,
965 459 1069 545 atque
1087 449 1182 526 Juris
1201 451 1382 544 Majcstae

179 561 240 629 tici
259 557 467 628 exercitium
493 555 666 644 involvat,
695 565 731 626 et.
747 554 841 626 iorte
860 575 938 623 cum
965 553 1247 626 extraordinario
1261 556 1377 627 Tute·-

179 660 235 731 lae
249 660 331 748 jure
349 661 386 728 in
404 678 536 748 casum,
555 657 634 728 dum
658 659 900 728 minorennem
927 653 1016 729 Solii
1041 653 1230 727 haeredem
1254 680 1378 728 rema-

59 846 63 854 .
178 783 266 832 nere
295 762 537 851 contingeret,
565 758 812 852 conjungenda
838 755 950 844 foret3
978 767 1050 828 tum
1072 757 1253 851 equidem,
1281 763 1319 835 si
1330 759 1380 830 ad·
1456 753 1462 768 ’

179 860 372 958 praelixam
399 859 480 935 huic
506 863 606 956 operi
628 859 798 956 epocham
810 861 1033 953 respiciatur,
1053 882 1100 933 ex
1121 862 1245 954 spiritu
1263 883 1374 955 prue-

180 966 406 1035 existentium
433 963 550 1055 legum
577 963 743 1033 comitiali
777 967 978 1033 interventu
1008 982 1097 1056 opus
1123 959 1268 1050 fuisse,
1304 983 1377 1034 non

179 1087 287 1159 aegre
307 1067 422 1160 quivis
441 1066 646 1159 perspiciet3
665 1061 769 1135 modo
789 1063 977 1154 diligenter
995 1063 1169 1152 advertat,
1187 1067 1375 1158 provisio-

178 1191 258 1240 nem
277 1167 424 1240 similem
442 1187 558 1260 neque
579 1169 655 1236 sine
682 1164 827 1237 notabili
857 1167 1082 1256 existentium
1100 1165 1232 1258 legum,
1260 1187 1377 1260 quan-

178 1275 305 1342 tumvis
321 1280 549 1363 temporanea
568 1270 759 1340 mutatione
778 1265 856 1340 fieri
878 1287 1010 1361 posse,
1038 1290 1153 1362 neque
1173 1270 1208 1337 in
1227 1267 1372 1338 arbitrio

177 1373 301 1466 Regis,
330 1376 361 1443 si
382 1370 541 1445 absoluta
561 1373 664 1449 ctiam
693 1379 870 1464 potestate
895 1369 1069 1462 polleret,
1098 1371 1310 1458 consistere,
1336 1372 1373 1442 in

178 1474 283 1547 alium
305 1475 457 1570 integro,
485 1472 546 1546 vel
564 1476 717 1568 partitim
736 1470 931 1544 transferre
949 1470 1147 1566 Imperium.

612 1591 773 1677 capua
794 1590 938 1660 vm.

188 1772 191 1780 Α
252 1683 310 1768 lto
347 1677 492 1782 nodis,
521 1677 671 1785 quitus
698 1678 932 1786 inperium
959 1675 1095 1796 ciuile
1122 1675 1298 1795 desinit

481 1809 853 2004 Voluntar2·a§hnnd23
877 1911 1079 1984 abdicatio.

279 2038 400 2112 Utrum
414 2037 601 2134 Imperium
629 2037 748 2124 civile,
768 2035 862 2130 quod
879 2035 991 2109 relate
1006 2035 1056 2126 ¹ad
1082 2057 1275 2130 personam
1296 2035 1371 2110 Im-

177 2145 334 2238 perantis
352 2144 387 2211 in
405 2141 527 2234 regula
547 2141 688 2210 nonnisi
708 2137 813 2223 modo
834 2135 995 2224 naturali,
1016 2139 1093 2208 sive
1111 2147 1225 2212 morte
1245 2144 1372 2234 exspi-

175 2253 242 2334 rat,
263 2242 481 2314 abdicatione
501 2246 605 2313 etiam
625 2240 789 2312 desinere
817 2240 972 2334 legitime
998 2240 1143 2335 possit?
1178 2239 1285 2340 leges
1300 2263 1382 2338 nof„

177 2355 271 2418 strue
299 2347 439 2439 penitus
468 2344 591 2430 silent,
619 2346 655 2413 in
672 2341 868 2415 Annalibus
884 2343 1023 2413 interim
1041 2363 1114 2412 non
1146 2337 1272 2436 desunt
1302 2332 1382 2415 ali-¹

135 2452 138 2458 '
176 2471 255 2542 qua,
284 2445 477 2538 eademque
497 2454 551 2516 sat
569 2447 757 2541 perspicua
780 2453 850 2516 tam
871 2444 1108 2532 voluntariae,
1137 2467 1239 2538 quam
1258 2438 1382 2540 coacss·

174 2553 269 2623 tivae
290 2547 521 2620 abdicationis
540 2549 704 2638 vestigia.
732 2545 777 2617 Et
798 2547 841 2618 de
863 2546 926 2618 illo
952 2545 1091 2640 quidem
1112 2569 1184 2618 non
1211 2543 1279 2635 est,
1310 2569 1380 2625 cur·

177 2650 326 2740 dubites,
354 2653 437 2743 quin
452 2648 544 2737 Rex,
573 2652 604 2719 si
620 2649 712 2720 ultro
731 2648 797 2720 sibi
813 2647 1122 2740 curas'Regiminis
1141 2639 1383 2742 insuperabir'
1410 2694 1413 2700 ·

174 2753 227 2824 les
250 2773 331 2825 esse
353 2760 514 2845 reputet,
543 2761 648 2844 atque
676 2759 772 2821 motu
801 2752 946 2844 proprio
976 2749 1114 2822 abillis
1142 2771 1181 2821 se
1210 2752 1368 2823 eximere

175 2856 274 2944 velit,
303 2851 446 2925 easdem
476 2851 575 2923 salva
603 2851 794 2925 haeredum
813 2854 1057 2941 successione,
1086 2850 1267 2948 deponere
1291 2875 1373 2924 om-

174 2958 257 3029 nino
281 2963 407 3050 queat,
425 2953 530 3025 modo
560 2953 596 3024 id
626 2951 809 3025 commodo
837 2958 1019 3048 tempore,
1057 2963 1093 3025 et
1120 2959 1197 3027 sine
1230 2956 1368 3046 salutis,

175 3057 329 3151 bonique
347 3059 540 3127 communis
560 3055 826 3152 perturbatione
843 3055 920 3130 lieri
937 3054 1069 3143 valeat,
1088 3059 1206 3149 prouti
1224 3058 1373 3128 similem

174 3163 306 3231 nostris
332 3160 499 3230 evenisse
531 3157 653 3229 diebus
684 3162 871 3230 cernimus.
900 3155 1010 3244 Quam
1040 3151 1182 3251 Imperii
1207 3161 1374 3230 austriaci

173 3259 314 3349 Stator,
342 3268 378 3330 et
407 3257 579 3332 Servator
609 3261 708 3332 Deus
736 3265 905 3356 sospitet,
934 3268 970 3330 et
998 3269 1068 3332 tam
1098 3263 1365 3353 magnanimiter

172 3362 364 3452 abdicanti,
393 3383 494 3454 quam
524 3361 631 3435 modo
657 3362 816 3453 gloriose
849 3366 1013 3456 regnanti
1048 3357 1259 3436 Caesaribus
1272 3358 1367 3436 hu-

171 3468 284 3556 gustis
299 3467 420 3553 vitam,
448 3462 609 3550 salutem,
637 3460 854 3556 felicitatem,
883 3463 977 3558 quod
997 3463 1066 3535 lido
1090 3467 1211 3555 corde,
1236 3474 1272 3536 et
1290 3475 1366 3540 toto

171 3575 319 3664 pectore
344 3585 622 3661 comprecamur,
650 3563 831 3659 largiatur.

371 3779 374 3794 ¹
419 3795 511 3882 Noa
536 3812 626 3864 vero
656 3688 979 3884 cohctincd'locam
1003 3772 1124 3882 baben.

273 3917 591 4006 Renunciationem
627 3925 750 3990 contra
788 3917 891 4008 dolo,
929 3916 1054 3989 fraude
1074 3971 1077 3976 -
1100 3917 1290 4010 elicitam,
1309 3931 1386 4005 aut,

168 4041 258 4092 vero
280 4022 318 4092 vi
340 4028 518 4094 extortam
533 4017 602 4093 hoc
620 4020 713 4113 ipso,
733 4021 814 4114 quia
833 4019 892 4104 illa
911 4041 1049 4108 errore,
1077 4017 1166 4092 haec
1183 4025 1387 4103 coactione.

167 4123 303 4211 nititur,
333 4123 426 4194 omni
451 4123 543 4212 juris
569 4120 701 4196 robore
733 4119 887 4209 destitui,
904 4143 980 4218 ,per
1005 4141 1045 4192 se
1080 4121 1272 4216 palamiit,
1300 4128 1379 4208 nisi,

167 4221 262 4292 forte
282 4232 396 4294 tractu
413 4225 582 4318 temporis
603 4223 785 4296 ultroncus
805 4222 997 4295 abdicantis
1017 4222 1163 4294 accedat
1174 4245 1365 4316 assensus3

167 4324 268 4412 cujus
288 4326 342 4394 rei
366 4324 596 4398 domesticum
607 4323 817 4421 [exemplum
843 4347 949 4403 unum
971 4327 1007 4398 in
1032 4321 1143 4397 Maria
1166 4325 1194 4396 Ι.Ι
1221 4328 1369 4403 alterum

165 4425 204 4498 in
230 4415 420 4524 liudolpho
453 4429 606 4502 occurrit
623 4423 686 4526 pi).
716 4430 862 4522 ,Privari
879 4427 1051 4529 ,equidem
1084 4427 1165 4507 nex
1181 4424 1367 4530 'lmperio,
