3158 4864
668 301 831 388 cellud
850 291 941 373 lv.

407 412 464 494 lte
490 411 617 532 Statu
641 412 867 516 Beronum,
895 417 937 498 et
960 415 1225 518 Magnetum.

724 544 761 629 §.
791 545 878 618 200.

212 673 359 744 Nomen
377 669 586 751 Beronum,
608 683 644 740 et
659 670 881 763 Magnetum
902 669 992 743 olim
1005 677 1225 766 promotione
1239 689 1409 750 sumtum.

305 792 362 867 Ad
381 791 515 867 cladem
532 811 645 884 usque
664 791 926 872 lllobtosiauam
950 794 1147 884 Beronum,
1181 797 1408 892 Magnetum-

205 917 274 989 que
295 897 437 968 nomina
454 897 658 989 promiscue
675 894 950 984 sumebantur,
982 896 1211 990 quodouivis
1229 899 1343 991 leges,
1371 907 1409 972 et

205 995 396 1068 Historiam
425 1005 633 1090 temporum,
661 1000 845 1090 ipsumque
864 997 1104 1070 Verbdenium
1133 1004 1300 1072 attentius
1319 1023 1408 1096 per-

205 1099 386 1186 volventi,
413 1099 450 1177 in
477 1097 600 1171 oeulos
627 1097 758 1169 ineidit.
798 1099 1083 1191 Designabantur
1112 1100 1181 1172 illis
1211 1102 1405 1197 Optimates

205 1202 305 1294 quasi
324 1204 484 1294 potiores
511 1203 588 1270 sine
616 1199 839 1288 discrimine,
868 1222 977 1294 quare
995 1206 1129 1297 pariter
1148 1225 1167 1272 a
1186 1204 1408 1275 vecelob-

204 1301 311 1389 bak,
339 1300 513 1373 interdum
539 1299 871 1393 Jobbagiones
899 1303 1001 1374 fuere
1028 1307 1197 1374 nominati
1228 1307 1272 1394 ¹).
1292 1303 1406 1376 Hodie

206 1407 309 1475 etiam
328 1402 530 1496 Magnetum
545 1400 588 1492 1)
617 1407 756 1474 nemine
787 1423 894 1475 sensu
922 1405 1048 1475 latiore
1077 1404 1405 1499 comprehendimus

203 1505 261 1577 bic
279 1505 460 1577 seculares
479 1505 654 1576 Prooeres
686 1525 831 1594 omnes,
860 1508 920 1600 qui
936 1505 1108 1579 haetenus
1128 1527 1206 1576 cum
1220 1508 1301 1596 jure
1322 1505 1403 1578 suf-

203 1606 308 1700 fragii
326 1607 369 1678 ad
388 1606 555 1678 Tabulam
574 1604 801 1679 Comitiorum
829 1611 1050 1703 superiorem
1075 1607 1233 1696 aderant,
1263 1607 1402 1679 seilicet

203 1709 319 1802 Regni
336 1709 496 1781 Berones
516 1731 594 1780 oum
611 1707 833 1802 Magnetibus
851 1711 1022 1782 strictiori
1042 1707 1246 1801 significatu
1258 1708 1396 1780 talibus.

223 1831 262 1915 ¹¹)
283 1831 390 1896 Prima
412 1830 660 1911 compellationis
677 1829 773 1916 bajus
790 1829 905 1893 mentio
929 1865 962 1877 -
983 1840 1019 1894 ut
1041 1849 1097 1912 ego
1114 1833 1235 1910 quidem
1252 1833 1403 1894 recorder

288 1951 330 1967 -
348 1917 380 1977 in
394 1917 536 1978 Andreae
564 1917 604 1980 lt.
628 1917 795 1996 privilegio
815 1917 952 1991 occurit,
983 1918 1159 1978 saxonibus
1178 1916 1401 1980 Transiivenis

288 2005 331 2064 A·
363 1999 457 2064 mat.
489 2019 660 2076 concesso,
699 2004 782 2079 quod
821 2001 983 2079 losepbus
1015 2001 1150 2064 Carolus
1175 2001 1259 2065 Edet-
1284 2002 1402 2083 publici

288 2087 378 2150 Juris
401 2086 475 2151 lecit
492 2086 550 2159 J).
572 2084 769 2147 Autariorem
792 2085 916 2149 Betthal
935 2086 966 2146 in
992 2085 1106 2146 litteris
1122 2087 1240 2167 Regum
1260 2087 1401 2150 Belaell.

288 2171 384 2240 etlll.
406 2190 440 2233 se
459 2170 702 2250 deprehendisse
727 2179 845 2244 narrat,
868 2173 923 2234 sed
949 2170 1064 2237 iontem
1087 2169 1251 2249 utriusque
1285 2171 1403 2250 Diplc·

271 2259 392 2333 matis,
415 2276 545 2338 querum
568 2255 891 2333 unumann01135.,
914 2255 1045 2318 alterum
1068 2254 1209 2340 ejusdem
1235 2257 1332 2320 seculi
1348 2255 1404 2320 86.

287 2344 370 2405 edita
388 2343 513 2416 asserit,
535 2342 765 2422 solertissimus
798 2343 1017 2424 antiquitatum
1047 2342 1287 2406 domesticorum
1310 2342 1405 2406 inda-

292 2437 383 2514 gator
410 2427 675 2510 nonpropalavit
706 2429 749 2511 ο).

754 2616 762 2631 .
791 2564 877 2635 201.

584 2689 656 2774 Qui
678 2563 856 2761 Redones
882 2689 1031 2778 Regni?

303 2813 450 2909 Proprie
479 2817 594 2884 autem
620 2815 713 2884 inter
739 2812 855 2905 Regni
882 2809 1043 2882 Berones
1073 2821 1266 2893 censentur
1283 2811 1403 2906 blagi-

204 2925 333 2988 stratus
352 2917 534 3009 praecipui
565 2913 598 3004 d)
627 2914 691 2986 sub
722 2917 843 3008 primis
863 2913 1055 2985 eorundem
1076 2912 1257 2986 cunabulis
1276 2917 1402 3010 partim

204 3018 246 3088 ad
264 3019 378 3089 Aulae
389 3017 524 3110 Regiae
545 3016 782 3111 splendorem,
802 3019 928 3110 partim
947 3015 990 3084 ad
1002 3014 1278 3109 Rempublieam,
1298 3037 1403 3086 com-

203 3141 341 3190 munem
368 3120 451 3190 item
476 3119 648 3207 justitiam
676 3121 712 3188 in
740 3114 1029 3188 eminentioribus
1056 3116 1192 3206 Regni,
1221 3125 1257 3188 et
1276 3113 1404 3188 Curiae

202 3221 338 3313 Regiae
358 3221 491 3292 Olliciis
512 3217 819 3290 administrandam
846 3227 992 3289 auctore
1015 3221 1093 3312 ipso
1114 3215 1195 3287 divo
1217 3215 1401 3311 Stephano

203 3325 364 3410 instituti,
392 3323 594 3413 sensimque
613 3320 746 3392 tardius
766 3323 880 3410 aucti,
921 3330 959 3390 ut
978 3320 1058 3390 inde
1079 3337 1245 3390 numerus
1266 3318 1406 3390 illorum

203 3425 355 3496 diversis
382 3420 597 3516 temporibus
622 3426 742 3492 varius
770 3421 876 3492 leret.
905 3420 1046 3492 Verbo:
1084 3419 1244 3494 Berones
1272 3419 1403 3514 Regni,

203 3525 296 3621 quod
323 3523 435 3620 probe
465 3521 634 3594 observat
663 3521 783 3591 Belius
815 3523 867 3609 ⁸),
898 3525 933 3590 in
961 3519 1139 3611 Hungaria
1167 3520 1272 3590 iidem
1301 3530 1402 3591 erant

202 3627 402 3720 aliquando,
423 3643 513 3720 quos
532 3621 699 3694 Germani
719 3621 897 3716 quondam
921 3619 1071 3692 formula
1090 3619 1230 3714 solenni
1243 3619 1402 3694 Archi-

203 3727 456 3801 officiales
484 3725 618 3797 dixere.

201 3874 409 3888 mu&

230 3939 255 3995 *l
278 3943 344 3993 ned
363 3943 397 3994 11.
417 3943 475 3994 dec.
494 3950 543 3994 art.
564 3943 605 3994 30.
627 3943 705 3993 (toni.
722 3943 813 3993 Palma
833 3941 895 3994 Not.
915 3942 977 3996 lter.
995 3941 1085 4007 Huug.
1099 3939 1202 3992 intret.
1220 3936 1244 4002 1
1262 3934 1291 3991 b.

230 4011 307 4076 1’)1ιι
326 4013 475 4065 Commeat.
497 4015 530 4065 tle
548 4015 649 4064 Saron.
667 4015 805 4065 'l'raneilv

231 4083 305 4144 e)lo
325 4081 398 4148 oper
386 4098 415 4134 re
436 4089 630 4150 provocatop
650 4085 711 4136 226.

231 4153 356 4212 ί1)Οοιι1.
383 4154 507 4221 soegedy
533 4156 560 4204 in
587 4155 652 4205 Tiro
655 4153 705 4205 cin.
727 4153 785 4204 Jrrr.
806 4151 895 4216 llung
916 4152 970 4204 'l'lt
991 4148 1034 4204 911.
1065 4152 1094 4206 (l.
1113 4149 1139 4211 l.
1158 4157 1187 4208 et
1205 4151 1312 4218 Husnty
1330 4153 1404 4210 nt.

231 4224 429 4358 ο)(,ξιι.131ιιι1.
448 4290 499 4348 Bel
517 4293 550 4348 de
569 4291 661 4346 eruet.
680 4291 726 4347 off
744 4293 835 4360 flung
852 4286 877 4356 1
895 4286 921 4344 d
