3138 4858
173 379 369 456 valebunt?
395 383 454 456 An
479 382 659 456 luculenta
676 381 773 454 ¹adeo
802 383 1004 457 testimonia
1030 403 1100 454 una
1126 383 1180 473 in
1330 369 1378 446 33

176 489 296 557 sione:
332 483 647 560 Decrevimus
683 486 839 578 regali
865 493 1036 557 nostra
1071 477 1308 590 potens,

176 583 302 658 difflari
326 607 435 682 posse
464 590 699 662 existimaturi
726 587 836 659 sunt?
864 586 962 674 Quae
993 585 1158 681 profecto
1188 555 1305 656 mgni
1336 547 1380 620 ad

176 687 321 783 pandit,
350 711 453 783 quam
481 688 618 783 Regem
644 687 847 780 llungariae
864 693 944 762 veri
962 690 1114 762 nominis
1140 708 1222 760 esse
1241 650 1396 778 deffnf

174 791 347 880 latorem,
375 793 458 884 quin
485 791 612 886 Populi
638 791 817 863 Primores
837 789 1011 863 adversus
1039 811 1145 885 supra
1164 794 1366 860 attactorun

177 891 391 965 evidentiam
409 891 452 964 ab
471 889 605 965 influxu
622 891 767 1007 {22⁰ng
806 893 938 966 tionem
956 891 1080 964 reddat
1099 900 1277 966 extorres.

402 967 735 1182 mmo·
765 1096 850 1169 ³68.
927 971 1455 1260 WWY
1537 1200 1538 1204 Ν

329 1247 389 1317 Be
405 1245 548 1334 Lepcim
572 1244 801 1328 Mmoto‘one,
831 1258 868 1314 et
891 1244 1222 1332 Interprototc‘one.

281 1389 383 1478 Quod
412 1388 455 1462 de
484 1387 642 1462 ferendis
671 1387 810 1484 legibus
830 1387 1055 1480 dictumest,
1081 1387 1180 1462 valet
1207 1392 1311 1462 etiam
1330 1386 1374 1460 do

179 1495 223 1568 iis
250 1492 448 1582 mutandis,
477 1490 712 1586 abrogandis,
742 1499 777 1562 et
796 1488 997 1561 authentice
1023 1491 1307 1585 interpretandis.
1335 1487 1376 1562 ld

181 1594 275 1692 quod
292 1605 409 1668 tamen
437 1592 481 1664 de
508 1593 646 1687 legibus
664 1595 807 1688 proprie
835 1601 892 1664 est
917 1591 1182 1687 accipiendum,
1209 1613 1289 1665 narn
1307 1594 1376 1666 etsi

180 1706 406 1796 praecautum
424 1693 596 1767 habeatur
624 1693 680 1786 ¹³),
708 1693 888 1788 Regnum,
909 1701 945 1763 et
962 1689 1086 1768 Partes
1106 1690 1262 1769 adnexas
1280 1717 1377 1767 nun-

180 1822 283 1895 quam
300 1821 365 1894 per
385 1797 500 1869 edicta
519 1795 766 1889 gubernandas
785 1795 884 1882 iore;
905 1793 1154 1869 Ordinationes
1173 1797 1313 1872 interim
1332 1795 1377 1868 de

181 1899 331 1990 objectis
351 1897 396 1969 ad
412 1901 591 1994 propriam
600 1895 723 1967 Eidem
742 1898 967 1970 executivan
985 1907 1201 1989 potestatem
1213 1921 1378 1995 -quam

181 1999 330 2072 inferius
350 1999 575 2092 dispiciemus
603 2033 654 2048 -
680 1994 907 2067 attinentibus
937 1995 1065 2087 edere,
1093 1997 1154 2071 vel
1173 2018 1251 2073 curn
1268 2004 1304 2072 in
1322 1999 1377 2072 his

182 2099 353 2197 quaedam
370 2100 430 2172 vel
449 2097 628 2192 ambigua,
657 2105 692 2168 et
720 2095 893 2184 obscura,
921 2094 982 2168 vel
1008 2095 1205 2193 superflua,
1233 2110 1269 2172 et
1291 2101 1378 2173 nulli
1455 2093 1459 2100 ’

182 2205 262 2275 usui
288 2201 404 2275 lutura
430 2201 503 2291 jam
522 2207 734 2288 censentur,
761 2198 910 2287 tollere,
940 2199 1153 2290 emendare,
1192 2204 1376 2297 interpre-

181 2307 318 2400 tarique
344 2302 481 2397 Regem
507 2323 573 2399 pro
603 2322 667 2377 sua
696 2302 904 2373 auctoritate
940 2321 1072 2396 posse,
1109 2303 1173 2376 vix
1202 2305 1375 2402 quispiam

185 2413 442 2480 controvertet.

700 2605 737 2692 ς.
766 2607 851 2681 369.

342 2757 402 2827 Be
417 2756 532 2846 Lepte
550 2761 795 2828 revocatione
811 2753 868 2827 od
881 2775 988 2828 usum
1003 2763 1216 2848 praemisum,

288 2900 385 2973 Idem
404 2905 519 2974 sentio
540 2901 582 2972 de
601 2901 740 2995 legibus
760 2902 804 2975 ad
820 2924 923 2974 usum
939 2906 1177 2996 revocandis,
1207 2918 1378 3001 quatenus

189 3000 230 3073 ab
250 3000 376 3072 eodem
392 3001 470 3074 illas
489 3025 556 3074 nec
574 3008 754 3097 posterior
771 3004 833 3076 lex
849 3005 943 3094 ulla,
969 3027 1085 3100 neque
1104 3011 1200 3103 paris
1219 3012 1378 3083 auctori-

187 3105 268 3173 tatis
289 3101 508 3175 consuetudo
529 3103 716 3178 submouit.
729 3105 806 3176 Hoc
822 3109 917 3178 enim
936 3106 1015 3200 dum
1033 3108 1215 3204 Principes
1234 3110 1380 3202 iaciunt,

113 3237 114 3240 ¹
186 3206 306 3295 utique
325 3201 418 3273 haud
443 3224 572 3276 novam
601 3206 755 3278 condunt
782 3205 922 3299 legem,
946 3207 1016 3280 'sed
1043 3231 1109 3305 pro
1130 3231 1293 3304 supremo
1314 3233 1379 3285 suo

187 3325 332 3375 munere
360 3301 396 3372 id
422 3314 530 3396 agunt
547 3308 676 3396 unice,
704 3328 749 3378 ne
777 3311 1025 3401 praeexistens
1045 3310 1089 3383 ad
1107 3333 1291 3384 commune
1310 3313 1381 3386 bo-

188 3428 270 3477 num
308 3415 509 3498 comparata
545 3427 693 3496 eorum,
722 3407 765 3477 ad
801 3429 890 3502 quos
928 3414 1103 3505 pertinet,
1133 3412 1292 3504 desidia,
1321 3426 1381 3488 aut

133 3543 135 3550 .
187 3508 475 3599 transgressione
504 3528 583 3578 cum
619 3506 848 3602 Reipublicae
874 3508 1013 3597 jactura
1051 3510 1231 3606 violetur,
1257 3515 1319 3589 vel
1344 3521 1381 3589 in

190 3606 458 3682 desuetudinem
477 3607 590 3681 abeat.
782 3603 899 3774 &pm
941 3691 943 3698 1

687 3757 708 3811 f

456 3961 524 4031 Jua
541 3963 799 4054 suspendendi
815 3964 911 4056 lepis
931 3973 1106 4058 effectum.
1239 4061 1240 4066 Ἰ

290 4099 531 4200 Disceptatum
548 4105 640 4200 fuit,
669 4131 713 4181 an
740 4109 833 4206 Regi
859 4112 1012 4188 seorsim
1042 4112 1107 4190 tus
1125 4121 1302 4212 competat
1319 4114 1381 4190 el-

139 4229 142 4238 *
189 4238 396 4253 ι--

219 4279 247 4344 ⁸)
264 4283 293 4334 S.
311 4284 403 4350 steph.
422 4289 490 4342 Deo.
510 4291 541 4347 L.
558 4295 585 4348 2.
604 4294 633 4348 0.
651 4297 675 4348 t.

221 4365 249 4432 l³)
266 4366 317 4425 cll.
336 4375 387 4429 art.
405 4373 447 4428 m.
472 4375 551 4432 1⁷91.
