3138 4858
673 465 709 552 §.
738 467 822 540 426.

414 609 469 682 Ab
502 611 681 685 ordinum
707 614 1065 704 aequimanum.

248 754 434 828 Adversus
450 757 784 851 exclusivamRegis
797 768 1011 852 potestatem
1027 764 1246 855 exsequendi
1257 767 1342 859 qui-

105 937 108 940 ,
147 856 223 928 dam
252 857 320 927 duo
341 858 592 931 obvertebant:
622 860 647 930 1.
676 859 739 931 Jus
758 858 874 952 Regni
893 860 1202 937 iurisdictionibus
1233 866 1343 936 indu-

132 959 202 1029 'bie
223 969 427 1054 competens
448 960 738 1058 repraesentandi
765 961 938 1035 adversus
967 962 1207 1037 ordinationes
1233 966 1342 1038 altio-

144 1081 220 1129 rum
238 1059 355 1153 Regni
373 1061 664 1153 Dieasteriorum,
691 1065 761 1133 imo
790 1073 914 1135 contra
939 1069 1017 1160 ipsa
1045 1069 1145 1158 regia
1163 1065 1341 1156 Mandata,

145 1183 234 1256 quae
253 1162 325 1255 legi
345 1162 519 1254 derogare
537 1164 713 1238 videntur.
760 1163 803 1233 11.
832 1162 1123 1258 Praerogativam
1150 1168 1343 1240 eorundem

145 1265 181 1332 in
201 1263 397 1356 deligendis
417 1261 694 1362 Magistratibus,
714 1267 854 1337 tametsi
872 1266 923 1338 illi
942 1273 1046 1338 etiam
1066 1289 1252 1362 supremae
1270 1290 1344 1363 po-

148 1368 288 1438 testatis
309 1369 520 1442 executivae
540 1367 734 1442 administri
752 1368 831 1439 sint.

604 1659 606 1663 ⁸
680 1570 717 1655 ς.
747 1538 846 1642 rar(

558 1718 715 1797 Minime
739 1735 933 1810 suspensa.

244 1884 330 1958 Mihi
348 1896 465 1959 tamen
483 1907 531 1957 ex
547 1885 601 1958 his
620 1883 801 1974 inlluxum,
829 1888 887 1979 qui
905 1885 1040 1976 Regem
1068 1885 1104 1955 in
1131 1885 1224 1957 illius
1250 1887 1342 1975 juris

144 1989 317 2058 exercitio
336 1987 489 2078 regulet,
518 1999 577 2059 aut
595 1985 731 2058 ouidam
751 1985 1009 2081 dependentiae
1033 1986 1208 2073 involvat,
1221 1986 1342 2056 nulla-

144 2097 246 2158 tenus
267 2088 532 2183 dedueiposse,
553 2101 609 2162 est
627 2109 729 2184 quam
746 2087 1057 2160 evidentissimum.
1078 2087 1239 2159 Facultas
1259 2097 1342 2157 ete-

143 2191 214 2259 nim
244 2211 385 2284 preees,
412 2193 558 2279 motiva,
586 2199 791 2282 argumenta
809 2188 1032 2284 proponendi
1065 2209 1154 2282 quae
1175 2189 1210 2257 in
1229 2187 1342 2260 abso-

100 2281 104 2290 ’
142 2289 216 2360 luto
245 2312 385 2385 quoque
413 2295 559 2386 imperio
594 2294 735 2362 minime
770 2292 910 2379 exulat,
947 2311 1015 2360 neo
1041 2289 1105 2360 lus
1133 2288 1341 2384 imperantis

143 2392 291 2483 urgendi
311 2394 529 2487 obsequium,
558 2415 674 2489 neque
694 2393 945 2486 obligationem
965 2388 1184 2486 obsequendi
1215 2390 1340 2464 subdi-

144 2502 201 2564 tos
220 2507 433 2583 manentem,
460 2495 531 2565 ulla
549 2499 694 2579 ratione,
707 2497 848 2567 evertit.
876 2488 1014 2564 Eleetio
1032 2513 1122 2567 vero
1142 2490 1339 2584 lllagistra-

144 2603 239 2663 tuum
265 2599 494 2689 caeteroquin
528 2595 572 2666 ad
597 2617 720 2666 eorum
755 2599 918 2691 praecise
954 2615 1136 2666 numerum
1174 2597 1340 2666 restricta

143 2692 302 2783 babetur,
324 2700 382 2791 qui
400 2699 661 2769 interveniente
679 2735 731 2751 —-
747 2701 797 2769 uti
815 2707 941 2793 postea
959 2694 1341 2768 videbimus-adeo-

143 2816 212 2888 que
231 2795 394 2892 delegata
423 2801 547 2872 summi
566 2799 739 2895 Principis
769 2802 979 2871 auctoritate
1006 2797 1159 2869 delectui
1190 2794 1340 2870 submit-

145 2906 276 2968 tuntur.
520 2913 521 2916 ’
1357 2929 1360 2934 ·

662 3068 699 3155 §.
728 3069 814 3140 428.
844 3135 846 3142 .

474 3215 644 3289 Ambitus
669 3217 780 3304 buius
802 3218 1015 3306 potestatis.

246 3382 377 3476 Ingens
405 3387 490 3456 sane
509 3397 566 3458 est
586 3385 806 3474 objectorum
824 3387 997 3473 varietas,
1025 3392 1061 3455 et
1087 3385 1210 3479 eopia,
1249 3406 1340 3477 quae

139 3491 198 3578 jus
217 3484 310 3559 istud
328 3483 586 3576 lllajestatioum
605 3486 671 3558 sibi
699 3486 926 3561 subordinata
945 3484 1050 3556 habet
1067 3483 1121 3575 ἢ,
1152 3483 1337 3555 commode

143 3600 258 3660 tamen
277 3587 369 3681 apud
384 3585 767 3680 nos,'quemadm0dum
785 3591 822 3660 in
839 3589 1118 3682 praesentiarum
1138 3589 1340 3675 etiamnum,

143 3701 180 3763 ut
209 3698 312 3760 antea
332 3696 533 3778 exercetur,
570 3689 823 3781 adaequantia
850 3688 973 3760 reduoi
1000 3697 1159 3783 possunt.
1206 3684 1339 3780 Utpote

144 3791 188 3860 ad
212 3799 503 3883 potestatem
536 3791 849 3881 iudiciariam,
876 3788 959 3860 bus
987 3809 1236 3887 supremae
1265 3788 1340 3859 ln-

144 3894 427 3984 speetionis,
456 3913 590 3986 exquo
610 3891 813 3967 etiamJus
841 3888 1079 3986 Principis
1107 3893 1339 3982 circaue-

143 3993 274 4083 gotia
300 3990 593 4086 Religionis,
620 4001 662 4064 et
691 3992 1030 4081 educationem,
1065 3991 1339 4064 institutio-

142 4112 330 4186 nemque
374 4091 655 4168 Juventutis
692 4091 784 4164 haud
821 4112 1007 4188 perperam
1044 4092 1212 4164 derivant.
1258 4088 1338 4160 bus
1452 4083 1456 4092 ’

141 4214 250 4288 porro
296 4193 585 4269 conferendi
628 4197 788 4285 munia,
834 4217 885 4265 ae
929 4193 1211 4286 dignitates3
1256 4189 1338 4263 Jus

142 4316 391 4384 armorum;
418 4295 502 4369 Jus
528 4298 761 4371 redituum
787 4294 1100 4392 publicorum,
1128 4315 1170 4364 ae
1196 4292 1337 4378 tandem

140 4394 400 4470 Dominium
427 4401 650 4475 eminans.

193 4494 237 4572 u.
610 4611 612 4616 Ι
1111 4499 1137 4569 s
