3142 4862
1249 193 1251 198 ⁵
1283 247 1338 322 aa·

221 413 342 488 „rania
360 413 523 490 ternpore,
545 428 606 492 quo
627 408 812 477 Vladislaos
840 410 1074 478 Pannoniorum
1099 413 1165 478 ilex
1188 411 1335 480 croatiae
1367 476 1373 484 .

221 496 395 574 „invadens
417 495 569 578 Regnum,
592 497 760 562 Dominum
781 497 917 580 alnum,
940 507 1031 564 suum
1044 499 1206 582 Nepotem,
1228 500 1261 562 in
1279 500 1335 566 illo

221 583 354 662 ‚‚atatuit
375 582 491 666 Regem
514 586 593 649 etc.“

512 791 515 800 ’
557 799 635 881 seo
657 697 906 874 {niddense

236 919 581 996 Recrudescentibns
601 926 738 998 interim
758 926 912 999 motibus
930 926 1120 1016 intestinis,
1139 944 1241 1019 qaum
1260 922 1335 998 La-

136 1023 268 1102 dislous
289 1023 334 1096 ob
360 1021 550 1116 Cumanos,
578 1025 787 1102 intermedio
807 1038 968 1125 tompore
986 1027 1199 1122 Hungariam
1226 1029 1335 1104 inva-

135 1127 274 1217 dentes,
286 1129 409 1223 copias
421 1127 605 1202 retrahere
616 1140 820 1222 cogeretur,
833 1132 995 1204 accessio
1007 1127 1096 1204 haec
1107 1132 1249 1202 minine
1268 1129 1334 1207 ir-

133 1253 202 1320 ma,
223 1241 258 1302 et
277 1229 442 1302 durabilis
474 1229 586 1302 adhuc
604 1243 782 1322 evaserat,
808 1233 1038 1327 quoadusque
1065 1233 1159 1306 illius
1178 1233 1214 1304 in
1231 1233 1335 1325 ragi-

134 1337 227 1407 mine
238 1331 436 1409 Successor
448 1329 698 1422 cnlonannus,
711 1357 778 1428 qua
798 1357 973 1408 armorum
991 1337 1246 1422 ostentatione,
1263 1355 1332 1428 qua

135 1434 334 1525 clementia,
363 1445 399 1506 ct
416 1434 627 1506 liberalitate
648 1435 822 1529 stipulatis
850 1437 892 1508 ab
920 1437 1084 1530 utrinque
1111 1435 1332 1508 conditioni-

134 1537 214 1627 bus,
232 1536 381 1611 Oroates
400 1533 445 1610 ad
468 1545 677 1634 perpetuum
702 1535 739 1613 S.
762 1535 927 1612 Coronae
947 1535 1154 1632 obsequium
1170 1557 1244 1611 non
1261 1537 1335 1608 ite-

135 1661 212 1713 rum
230 1641 491 1716 adstrinxisset.
1380 1657 1382 1662 ·

459 1845 580 1917 coroa
605 1743 1002 1920 rofddddreemoee.

240 1965 483 2054 conditiones,
498 1963 677 2059 dequibus
698 1977 912 2039 conventum
931 1967 1061 2056 fuerat,
1079 1965 1231 2040 Thomas
1257 1968 1335 2040 Ar·-

134 2067 399 2140 obi-Diaconus
430 2066 485 2155 ⁵),
514 2074 656 2160 etpost
682 2066 776 2136 buno
801 2065 1009 2137 adverbum
1034 2066 1162 2140 Lucius
1192 2068 1227 2157 ¹²)
1256 2079 1335 2142 sta-

133 2177 239 2241 tuunt
256 2170 292 2238 in
312 2189 424 2242 censu
443 2158 559 2240 annuo
579 2167 672 2260 Regi
691 2165 880 2256 solvendo,
899 2166 1153 2261 mittendoque,
1181 2171 1212 2240 si
1225 2169 1336 2258 jube-

133 2269 495 2364 ret,usqueDravum
505 2272 672 2365 propriis,
692 2269 884 2342 ultravero
903 2272 1014 2362 regiis
1034 2262 1203 2342 sumtibu's
1223 2291 1336 2346 exer-

136 2377 231 2461 citu,
265 2375 405 2466 quoties
442 2371 578 2466 regalia
608 2372 761 2445 confinia
799 2369 1074 2462 invaderentur,
1109 2375 1336 2460 constitisse3
1393 2403 1395 2408 ·

135 2471 216 2546 illas
235 2467 424 2568 itaque'-
445 2473 688 2550 deficientibus
707 2472 917 2547 authenticis
935 2471 1064 2547 tabulis
1082 2511 1135 2526 -
1154 2472 1223 2546 lide
1242 2473 1336 2546 dun-

135 2585 234 2646 taxat
262 2574 431 2648 historica
460 2588 632 2650 tenemus.
660 2577 828 2670 Alioquin
857 2572 1000 2648 Oroatia
1025 2579 1061 2649 in
1088 2576 1218 2668 jurium
1244 2576 1334 2648 adeo

137 2685 234 2748 arcta
253 2680 500 2752 communione
522 2701 599 2751 cum
617 2677 796 2772 Hungaria
814 2700 834 2748 a
854 2677 1007 2750 sacculis
1025 2679 1192 2774 perstitit,
1213 2685 1252 2750 ui
1268 2700 1334 2773 pro

136 2780 317 2852 territorio
337 2780 476 2854 adnexo
497 2805 569 2856 non
588 2781 808 2856 considerari
826 2779 1213 2875 nonpotueritSalvis
1232 2803 1337 2855 nam·

137 2903 206 2975 que
234 2883 514 2976 municipalibus,
535 2894 714 2956 caeterum
732 2881 857 2954 iisdem
875 2902 1025 2976 prorsus
1044 2884 1165 2956 nititur
1182 2881 1335 2976 legibus,

137 2982 181 3052 ad
200 3003 286 3075 quas
306 2983 509 3058 condendas
528 2989 565 3057 in
581 2984 792 3077 Hungaricis
809 2982 968 3056 Comitiis
991 2987 1258 3078 oooparativum
1276 2987 1337 3055 in-

137 3081 268 3156 lluxum
287 3094 389 3158 nacta
407 3085 545 3176 fuerat3
570 3088 803 3182 utebaturque
822 3085 947 3158 eadem
976 3085 1088 3158 forma
1099 3085 1335 3174 ¹Judiciorum,
1364 3107 1366 3111 ·

133 3194 174 3262 ,et
201 3184 417 3279 publicarum
445 3188 733 3261 Jurisdiotionum
761 3190 994 3274 auctoritate,
1031 3184 1156 3260 iisdem
1185 3185 1351 3276 juribus,

135 3284 474 3382 Magistratuumque
496 3290 696 3384 speciebus,
723 3288 921 3360 nominibus
939 3291 1036 3378 item,
1056 3309 1098 3358 ac
1116 3291 1192 3383 pari
1212 3286 1343 3360 borum

138 3383 407 3480 deligendorum
425 3394 700 3483 praerogativa3
719 3390 796 3460 fere
818 3391 994 3463 consimili
1013 3389 1163 3485 denique
1183 3389 1337 3462 tributo·
1378 3461 1380 3464 .

135 3510 215 3559 rum
231 3491 378 3562 ratione.
408 3489 504 3562 Idem
524 3492 618 3560 circa
644 3489 869 3562 sclavoniam
888 3489 1046 3578 obtinet,
1075 3491 1200 3562 demtis
1219 3493 1336 3564 utrin-

137 3611 207 3683 que
226 3589 431 3666 militaribus
451 3589 634 3682 Conllniis,
662 3588 803 3662 militari
822 3587 1070 3681 gubernationi
1089 3588 1264 3663 obnoxiis.

671 3738 707 3826 ς.
740 3737 797 3811 12.

209 3863 347 3944 Proatr‘
362 3878 400 3935 ct
414 3863 609 3938 Dalmatio
626 3865 858 3962 Provinciae
869 3861 1044 3936 adeonae
1062 3878 1266 3938 aamercort.

207 4031 210 4037 ·
242 3987 283 4060 ln
301 3989 482 4082 sequelam
499 3963 774 4083 praemissorum
793 3984 1206 4082 GolomannusBelgradi
1226 4005 1337 4059 coro-

140 4102 242 4164 natus
260 4087 301 4181 ⁴⁵)
323 4089 511 4163 confestim
528 4113 600 4174 non
619 4089 785 4186 croatiae
810 4088 946 4182 solum,
972 4109 1097 4165 verum
1122 4093 1227 4162 otiam
1245 4086 1335 4159 Dal-

139 4209 344 4223 ...ιο-.-

169 4258 200 4397 d}
216 4259 269 4451 (ἐξ
281 4256 487 4454 {36:330-
504 4331 530 4384 8.
550 4346 575 4399 p.
599 4333 659 4389 109.
687 4333 765 4386 Geni.
786 4334 857 4397 Pras
879 4329 975 4385 Annei
991 4331 1024 4385 u.
1044 4333 1068 4386 1.
1086 4328 1205 4386 intuet-
1223 4327 1282 4387 eol.
1301 4327 1335 4384 ad
1368 4299 1371 4304 Ι
