3146 4864
573 910 782 1036 Liber
826 913 947 1038 IV.

385 1133 470 1214 'De
501 1130 725 1214 Juribus
756 1131 1133 1237 Mejeetaticis.

648 1341 809 1426 cupiit
832 1342 874 1409 1.
1118 1453 1120 1458 ,

283 1477 341 1558 bc
375 1472 571 1558 iuribus
608 1473 927 1581 dejestnttnts
966 1469 1239 1578 generatim.

688 1681 723 1769 §.
754 1683 839 1756 317.

479 1835 653 1904 durium
679 1833 1013 1918 Mojcetotr'coronr.

267 1973 480 2072 Complexus
510 1975 668 2064 durium,
696 1997 786 2070 quae
815 1975 967 2072 Imperio
986 1989 1160 2074 tamquam
1178 1981 1361 2074 potentie-

162 2081 217 2152 les
237 2079 315 2166 cjus
342 2088 462 2171 portes
490 2078 631 2163 insunt,
670 2075 840 2164 Mojestas
871 2079 926 2167 ·):
956 2081 1032 2172 ipse
1060 2100 1149 2151 vero
1169 2077 1258 2149 boec
1275 2079 1359 2150 lure

163 2181 387 2270 Mejestntice
416 2175 558 2249 audiunt
584 2174 639 2266 ⁴⁵).
680 2173 834 2272 Cumque
866 2176 1008 2272 Imperii
1036 2177 1158 2252 Civilis
1187 2179 1280 2250 idem
1316 2182 1363 2250 sit

165 2281 263 2370 finis,
293 2285 351 2376 qui
371 2283 580 2353 societatum
601 2277 777 2368 civilium,
807 2283 979 2353 securitas
1006 2285 1186 2371 nimirum,
1216 2303 1257 2352 oc
1275 2279 1362 2350 leli-

165 2389 252 2456 cites
271 2383 414 2478 Populi,
444 2402 533 2476 quoe
554 2401 617 2453 sue
645 2381 771 2450 iterurn
791 2379 1016 2455 fundamenta
1042 2387 1078 2454 in
1093 2385 1231 2474 justitie
1249 2403 1361 2476 repe-

163 2489 274 2557 riunt:
302 2483 466 2579 prolecto
486 2493 605 2576 partes
625 2479 693 2552 bae
713 2485 837 2553 summi
856 2481 1011 2578 Imperii,
1042 2495 1078 2557 et
1096 2483 1220 2580 quibus
1240 2485 1276 2556 in
1293 2506 1359 2555 re-

165 2586 251 2674 bus,
280 2584 451 2678 quibusve
475 2583 588 2657 modis
617 2604 658 2655 se
686 2585 743 2655 vis
771 2583 908 2657 illerum
934 2588 970 2656 in
989 2584 1197 2660 Civitatibus
1223 2595 1361 2675 exeret,

166 2707 238 2760 non
257 2683 395 2757 aliunde
414 2687 566 2777 rectius,
596 2704 697 2778 quern
723 2705 771 2754 ex
788 2694 936 2777 nutura,
965 2696 1069 2784 etque
1096 2687 1165 2760 fine
1183 2687 1263 2782 ipso
1282 2681 1358 2758 Irn-

166 2790 258 2886 perii
276 2787 463 2880 colligitur.

209 2926 401 3012 *)Regolio
423 2924 566 2990 nonnulli
595 2925 724 2987 condem
754 2924 911 3008 adpellare
933 2923 1126 3003 meluerunt,
1155 2926 1212 2988 sed
1239 2926 1362 3010 legibus

252 3014 371 3076 nostrie
402 3011 482 3074 duro
515 3007 634 3092 regulis
661 3009 768 3090 potius
805 3013 831 3074 ii
862 3019 1052 3093 proventus,
1096 3018 1128 3073 et
1158 3010 1364 3078 emolumento

251 3099 392 3176 audiunt,
416 3114 493 3176 queo
516 3115 574 3158 sun
596 3095 717 3178 origine
741 3115 848 3160 secree
872 3097 1014 3161 coronae
1035 3095 1176 3176 proprio,
1199 3096 1238 3158 nb
1256 3102 1363 3163 eedem

250 3181 365 3262 purtim
381 3179 552 3243 abalienari
565 3189 730 3260 nequeunt,
744 3183 858 3262 partim
875 3181 1008 3264 priuatis
1024 3179 1303 3262 conferripossuut
1316 3185 1364 3269 ¹²),

253 3273 283 3330 et
306 3265 397 3330 aliter
419 3265 550 3329 curialia
570 3283 690 3348 quoqne
712 3274 873 3331 vocantur.

688 3453 725 3540 §.
756 3455 841 3528 318.

581 3602 743 3676 Diverso
767 3604 939 3676 Pcrtr'tr‘o.

269 3745 310 3821 ln
338 3746 579 3822 subdivisione
608 3749 743 3822 lunium
761 3747 1063 3838 blojestoticorum
1088 3745 1272 3822 veniebant
1289 3769 1361 3823 ne-

168 3849 350 3922 bernenter
381 3851 559 3923 Doctores
587 3850 682 3924 luris
712 3849 869 3939 Publici,
897 3853 1108 3945 praesertim
1125 3854 1357 3922 recentiores.

167 3951 267 4024 blulti
292 3955 479 4024 etiamnum
504 3947 668 4026 libertinio
700 3953 788 4024 duce
821 3952 877 4042 ⁰),
904 3951 1083 4048 politicam
1107 3951 1201 4026 illum
1229 3973 1370 4048 supro-¹

241 4190 351 4241 Moruni
365 4192 429 4246 Poe
442 4194 503 4246 tur.
521 4193 588 4247 Pub.
605 4192 732 4245 Uolucre.
754 4190 820 4242 (ba
839 4185 865 4254 t.
883 4188 936 4248 etl

198 4185 223 4250 )

177 4271 383 4426 Ξ·

243 4361 333 4427 Opere
351 4375 423 4415 nnnc
439 4365 484 4416 cit.
