3122 4852
210 325 212 330 -
235 278 317 352 *110

243 447 380 535 sumtis,
408 443 547 517 minime
566 439 769 518 decessisse
798 435 1002 512 censendus
1021 445 1090 527 est,
1118 435 1250 531 quibis
1276 456 1342 531 per
1370 453 1441 504 ex-

241 568 404 644 pressum
440 547 648 633 reservatis,
678 540 853 631 objectum
883 540 1025 635 aliquod
1050 539 1166 634 Regni
1187 535 1343 613 comitiis
1364 536 1442 608 dis-

244 649 456 722 audiendum·
475 646 666 734 submittit,
703 643 746 715 ad
765 643 859 737 quod
878 647 954 714 sine
975 663 1150 738 expresso
1169 642 1281 736 Regis
1299 648 1443 728 annutu,

243 753 499 844 §unctioneque
526 769 703 843 suprema,
728 767 845 840 neque
864 748 1040 842 supponi,
1067 765 1184 839 neque
1204 744 1444 820 intervenisse

244 853 332 926 Jure
351 850 536 948 praetendi
556 871 707 945 unquam
724 857 853 944 potest.

762 1149 802 1234 §.
832 1151 917 1223 504.

248 1321 417 1393 Faceres
439 1317 655 1412 peculiares
675 1319 916 1495 Boccotz'bubc,
942 1317 1258 1410 Studentt'boaqoc
1279 1336 1352 1408 per
1376 1315 1449 1386 Lc-

726 1443 795 1512 με
822 1429 876 1494 trz'
898 1428 961 1494 ott.

348 1591 447 1662 Ultra
485 1592 609 1664 allatas
645 1592 747 1684 leges
786 1603 928 1666 exstant
963 1592 1075 1664 adbuc
1102 1590 1317 1687 complures,
1355 1609 1447 1682 quae

248 1693 394 1763 favores
414 1692 612 1784 peculiares
632 1695 804 1782 scientiis,
824 1693 1015 1786 harumque
1034 1691 1227 1764 cultoribus
1245 1690 1448 1776 tribuendo,
1552 1701 1553 1704 ’

248 1795 438 1863 retroactis
459 1797 565 1862 etiam
583 1791 800 1887 temporibus
818 1795 1037 1888 praeclaram
1057 1794 1123 1866 bac
1140 1797 1177 1866 in
1194 1802 1295 1888 parte
1306 1793 1450 1863 Petrum

246 1902 449 1965 nostrorum
480 1891 750 1966 sollicitudinem
788 1894 1043 1968 demonstrant.
1096 1895 1156 1969 Sic
1178 1898 1251 1986 jam
1285 1904 1450 1985 tempore
1553 1959 1554 1968 ,

247 1995 437 2067 electionis
455 1993 608 2066 llatbiae
626 1995 786 2085 corvini,
805 2019 911 2090 quum
928 1997 973 2068 de
984 1999 1186 2092 praecipuis
1198 1995 1321 2068 Gentis
1332 1993 1451 2063 Prae-

249 2099 423 2190 rogativis
443 2100 708 2187 conveniretur,
738 2099 938 2194 stipulatum
956 2103 1084 2172 visitur
1114 2099 1167 2189 ·):
1195 2089 1233 2168 ut
1251 2095 1450 2182 odecimis,

249 2209 286 2271 et
304 2198 461 2288 teloniis,
489 2210 595 2293 prout
612 2211 716 2274 vetus
735 2199 852 2294 Regni
882 2202 1104 2276 cousuetudo
1132 2199 1302 2294 requirit,
1330 2195 1449 2271 Sobo-

247 2301 345 2372 lares
373 2304 506 2394 pariter
535 2306 607 2373 sint
633 2305 814 2374 immunes.
884 2301 1033 2381 Adhaeo
1057 2304 1198 2396 quoties
1226 2299 1306 2372 fere
1333 2298 1450 2389 Regni

250 2401 479 2489 insurrectio,
508 2402 568 2472 vel
586 2403 784 2473 militarium
802 2401 982 2495 'lyronum
1001 2406 1145 2475 statutio
1174 2405 1209 2473 in
1228 2401 1353 2472 Diaeta
1380 2397 1450 2467 de-
1555 2451 1556 2480 ,

248 2501 475 2588 cernebatur,
504 2499 674 2590 Studiosi,
703 2524 745 2572 ac
762 2501 993 2578 Professores
1013 2505 1055 2576 ab
1084 2503 1153 2575 boc
1179 2522 1289 2575 onere
1315 2521 1450 2596 porso-

251 2601 323 2674 nali
345 2603 475 2674 exemti
503 2601 604 2672 luere
635 2597 690 2704 l),
734 2603 796 2675 vel
827 2615 924 2676 certe
956 2627 1038 2679 esse
1073 2605 1318 2678 censebantur.
1372 2597 1451 2671 Nec

252 2707 381 2776 minori
407 2703 532 2774 lavore
576 2707 797 2778 exemtiones
834 2706 969 2780 similes
1002 2705 1147 2780 aedibus
1182 2702 1401 2780 scholaribus
1430 2723 1452 2770 a

253 2827 365 2876 censu
384 2803 510 2876 domali
542 2806 587 2895 ⁰),
608 2829 627 2876 a
647 2797 833 2900 quarteriis
844 2808 990 2882 militum
1008 2830 1204 2882 concessae
1236 2804 1288 2896 Ἲς
1310 2813 1345 2877 et
1362 2825 1452 2896 gra-

252 2907 310 2978 uis
335 2908 372 2976 in
400 2905 481 2976 illos
518 2927 656 2999 poena,
686 2911 744 3002 qui
772 2907 835 2979 bas
865 2930 1042 3007 occupare
1071 2911 1262 2997 auderent,
1288 2926 1454 3000 pronun-

252 3009 346 3078 ciata
364 3005 454 3093 fuit3
483 3027 708 3102 aequoque,
735 3021 773 3082 ut
792 3010 951 3084 Litterati
981 3035 1046 3109 pro
1067 3007 1315 3105 consequenda
1334 3005 1457 3078 Nobi-

252 3109 353 3181 litate
373 3109 672 3200 commendentur,
699 3113 926 3207 peculiariter
953 3112 1125 3186 reflexum
1144 3115 1289 3185 exstitit.
1310 3107 1363 3180 Dc
1382 3128 1456 3177 nu-

255 3213 407 3285 merosis
426 3210 564 3302 legibus
584 3212 783 3286 dotationes
808 3215 953 3287 salutari
971 3215 1052 3286 huic
1069 3214 1330 3308 lini'speciatim
1349 3207 1456 3280 dedi-

256 3323 354 3385 catas
379 3313 650 3406 respicientibus
681 3315 727 3404 ⁰),
755 3339 826 3387 non
854 3315 987 3406 habco,
1025 3316 1119 3411 quod
1146 3313 1306 3406 adjiciam
1333 3311 1377 3383 ad
1398 3331 1456 3396 ea,

257 3435 348 3509 quae
368 3417 461 3485 circa
479 3415 556 3508 pias
586 3414 810 3490 fundationes
839 3419 875 3489 in
903 3439 1050 3511 genere,
1097 3415 1221 3512 Capite
1257 3411 1457 3486 immediate

261 3514 502 3612 praecedenti,
530 3514 692 3592 disserui.

257 3741 463 3760 ψ

289 3861 474 3928 mmmm
617 3917 620 3924 ,

290 3967 317 4033 b)
336 3970 392 4020 Pro
412 3963 536 4030 exemplo
557 3967 633 4020 1808.
653 3969 677 4022 2.
695 3969 720 4036 5.
738 3971 763 4022 7.

292 4065 462 4140 qssQb

292 4165 319 4226 ὰ)
339 4169 416 4222 171⁵.
434 4164 478 4221 tt.
496 4161 520 4228 t·
539 4167 563 4218 s.

297 4270 321 4335 ‘t
343 4272 432 4321 naa.
452 4282 526 4331 sunr-
541 4269 585 4320 ct·
598 4270 656 4331 tere
674 4275 750 4326 area.
769 4279 811 4330 ro.
828 4284 855 4329 a
872 4278 931 4328 tos.
953 4301 982 4314 -
1003 4275 1080 4330 rrae.
1100 4260 1141 4328 ln.
1158 4302 1194 4314 —
1213 4274 1290 4329 tota.
1308 4273 1351 4328 aa.
1374 4280 1402 4324 a
1416 4261 1461 4325 tu.

342 4341 470 4402 71751·
496 4340 539 4387 2¹·
559 4343 688 4397 -1tct.
718 4348 758 4398 13.
782 4372 817 4384 -
838 4348 913 4401 1790.
938 4349 981 4400 23.
1006 4354 1033 4400 et
1056 4348 1100 4401 26.
1119 4377 1153 4388 -
1178 4345 1257 4400 1802.
1276 4344 1308 4412 δ4.
1325 4369 1360 4386 ν-
1378 4345 1462 4399 ¹8⁰8.

342 4406 595 4460 tabam&
