3158 4864
224 312 298 390 tto

223 487 361 559 Diaetis
394 494 530 582 partem
569 485 731 580 ceperint
768 484 1065 580 Archiepiscopi,
1109 479 1302 581 Episcopi,
1344 505 1423 558 oum

221 590 430 684 Praeposito
449 587 586 679 Majore
602 586 853 681 Zagrabiensi,
873 588 971 659 velut
989 589 1122 660 Prioris
1141 586 1308 659 Auranac
1327 585 1422 662 Suc-

223 712 371 764 cessore
388 688 453 782 ⁴⁵),
482 691 565 784 quin
590 689 747 762 Abbates
776 711 939 785 quoque,
976 711 1018 759 ac
1045 689 1244 783 Praepositi
1269 693 1421 762 seorsim

221 789 315 863 bona
333 802 508 864 tenentes.
537 789 594 864 Ad
619 791 687 863 hoc
713 796 867 888 suppetit
887 795 940 862 cis
958 789 1167 862 beneficium
1186 792 1421 884 Prorogatio-

221 896 300 981 nis,
330 915 377 964 ex
404 917 472 988 quo
492 897 594 966 unius
623 898 752 988 integri
771 895 852 964 anni
871 891 1023 964 decursu
1047 915 1067 962 a
1095 891 1151 964 die
1171 891 1285 965 aditus
1303 891 1421 965 bene-

221 993 293 1064 iicii
309 998 446 1067 ratione
465 995 651 1084 bonorum,
670 997 714 1067 ad
731 995 914 1067 Ecclesiae
934 1015 1016 1067 suas
1035 997 1297 1088 pertinentium,
1316 995 1420 1066 modo

221 1095 282 1166 illa
302 1095 453 1169 discreta
474 1120 492 1167 a
512 1096 704 1191 Capitulis,
731 1098 792 1169 vel
818 1094 1059 1169 Conventibus
1088 1095 1262 1186 habeant,
1285 1096 1419 1186 judicio

221 1205 317 1268 stare
355 1221 428 1270 non
457 1207 622 1272 tenentur
653 1201 710 1291 ⁸),
737 1220 853 1293 neque
888 1200 1126 1272 testimonium
1161 1197 1288 1270 ibidem
1313 1199 1419 1287 jura·

219 1309 339 1371 mento
371 1301 532 1392 firmare,
562 1304 662 1394 cujus
688 1304 769 1374 vice
796 1298 841 1371 ad
868 1303 1055 1395 puritatem
1085 1301 1326 1371 conscientiae
1360 1299 1420 1370 ia-

218 1410 338 1472 tentur
368 1401 426 1495 ¹²),
454 1425 579 1476 verum
598 1405 684 1476 alias
703 1403 986 1476 duramentorum
1005 1405 1146 1498 species
1177 1412 1212 1473 et
1231 1403 1299 1496 ipsi
1318 1422 1418 1482 more

220 1504 368 1574 aliorum
387 1505 591 1598 deponunt,
614 1505 707 1577 istud
726 1509 794 1577 etsi
811 1505 903 1596 legis
921 1505 1031 1578 verbo
1049 1504 1221 1574 Praelatis
1251 1503 1417 1574 duntaxat

217 1603 389 1692 tribuant,
417 1627 502 1676 usus
521 1605 745 1677 nihilominus
765 1605 809 1674 ad
825 1608 1016 1676 universos
1041 1603 1265 1674 Presbiteros
1285 1614 1417 1674 exten·

219 1703 278 1774 dit.
307 1705 464 1794 Majores
493 1706 645 1777 Praelati
673 1706 718 1776 ad
735 1725 861 1777 causas
889 1709 1051 1800 proprias
1077 1705 1334 1775 Procuratores
1352 1705 1416 1775 sub

216 1809 372 1900 propriis
398 1808 524 1899 sigillis
551 1810 767 1879 constituunt
799 1809 853 1898 Ἲς
883 1815 919 1878 ct
946 1827 1036 1901 quae
1065 1817 1145 1878 sunt
1171 1807 1307 1900 reliqua
1325 1827 1417 1899 pro-

217 1910 315 2000 prius
354 1907 488 1997 adbuc,
526 1930 628 2002 quam
662 1932 752 2004 quae
785 1909 889 1980 modo
916 1911 1220 1998 enumeravimus,
1246 1909 1306 1996 jus
1337 1910 1416 2001 pri-

134 2016 136 2020 ‘
215 2018 337 2080 vatum
364 2015 559 2100 attinentia,
587 2033 703 2106 neque
719 2011 890 2084 hactenus
908 2033 974 2106 per
997 2031 1111 2083 novas
1132 2013 1335 2096 sanctiones
1357 2008 1415 2078 dp„

167 2112 515 2186 'smmsmma
808 2111 813 2130 ¹

237 2279 276 2359 ”)
300 2280 1217 2448 titltt‘tlttltti,utilitittlttltltltt
1233 2297 1415 2448 biblii}

303 2489 364 2529 „-
392 2454 495 2532 magui
512 2451 586 2511 olim
603 2453 751 2528 nominis,
773 2463 804 2516 et
829 2455 993 2535 dignitatis
1013 2454 1071 2515 sub
1093 2453 1230 2535 Regibus
1245 2462 1322 2529 arat,
1343 2471 1416 2516 uam

302 2537 1417 2619 „mmmmmmssmwmmmmmffimmfflmm

302 2622 545 2703 „praerogativa
581 2623 807 2704 participaret,
838 2627 919 2690 inter
948 2627 1084 2689 Berones
1118 2625 1241 2708 Regni,
1279 2645 1316 2688 er
1349 2625 1415 2686 Re-

301 2729 395 2790 „gum
422 2707 635 2790 Ordinumque
653 2712 776 2774 decreto
804 2711 904 2775 locum
931 2713 1052 2790 habuit,
1076 2731 1186 2774 nomen
1210 2710 1258 2772 illi
1281 2711 1414 2772 inditum

301 2795 360 2871 „ab
385 2795 512 2855 Aurana
534 2805 656 2873 castro,
680 2801 762 2876 quod
780 2799 862 2860 inter
890 2797 1052 2876 dederam,
1076 2807 1105 2859 et
1127 2798 1303 2859 Sibcnicum
1329 2793 1413 2856 Dal-

301 2880 434 2956 „matiae
464 2879 565 2942 Urbes
597 2884 634 2942 ad
659 2885 871 2961 cognominem
902 2883 1001 2945 locum
1031 2885 1125 2946 situm
1158 2891 1215 2944 est.
1250 2881 1413 2943 Prioris
1456 2925 1460 2936 t

299 2983 442 3044 ,guoque
458 2974 594 3045 potestas
618 2967 744 3047 diffusa,
769 2971 913 3032 omnibus
930 2971 1010 3032 anim
1029 2989 1085 3050 per
1100 2967 1293 3050 Hungariam
1322 2965 1414 3028 Scla-

300 3052 468 3128 ‚,voniam‚
502 3052 711 3128 Dalmatiam,
748 3053 887 3136 aliasque
923 3074 1054 3118 coronae
1089 3055 1239 3118 obnoxias
1277 3053 1413 3116 ditiones

298 3135 536 3213 „conventibus
578 3139 710 3200 fratrum
744 3139 978 3204 Oruoilerorum
1009 3141 1187 3221 Hospitalis
1218 3139 1413 3221 Hyerosoli-

298 3224 429 3300 „mitani
450 3243 596 3304 suprema
614 3225 799 3289 auctoritate
821 3230 966 3308 praefuit.
992 3226 1172 3291 Conventus
1188 3228 1294 3290 dixere
1312 3227 1412 3290 Prae-

298 3319 511 3387 ,‚oeptoratus,
536 3320 565 3371 et
591 3309 724 3391 quibos
754 3316 1015 3392 moderabantur,
1036 3315 1291 3393 Praeceptores.“
1327 3311 1412 3371 Haec

296 3393 438 3475 Prayus,
464 3397 516 3474 qui
544 3415 606 3457 una
629 3398 715 3458 addit
737 3433 779 3447 -·
807 3403 887 3480 quod
912 3401 1052 3480 alioquin
1079 3399 1197 3482 liquido
1221 3402 1343 3458 constat
1370 3423 1411 3438 -·

298 3480 501 3560 „dignitatem
540 3481 618 3544 bano
654 3501 751 3565 usque
783 3494 924 3568 tempora
955 3486 1063 3550 Cladis
1092 3483 1312 3548 Mobtcsianae
1350 3477 1411 3539 bo-

297 3567 456 3640 ‚,ruisse.“
478 3568 588 3630 Serius
612 3569 791 3650 Praepositi
812 3571 954 3656 Majores
979 3569 1198 3652 Zagrabiansis
1222 3563 1360 3645 Capituli
1374 3581 1411 3628 ex

296 3652 415 3731 Regum
432 3654 644 3717 beneficientia
661 3659 795 3736 primum
821 3661 943 3740 quidem
968 3659 1230 3719 Gubernator
1242 3671 1294 3728 as,
1317 3653 1409 3712 modo

293 3733 360 3817 jam
394 3738 522 3801 Priores
552 3741 697 3804 Auranae
732 3745 943 3808 nominantur.
977 3742 1062 3814 Quae
1101 3747 1202 3800 autem
1238 3736 1350 3811 duris,
1380 3743 1409 3796 et

295 3822 458 3925 dignitatis
479 3825 628 3992 priorum
654 3829 799 3909 Auranae
826 3830 964 3904 luerint,
993 3827 1026 3889 in
1056 3823 1231 3905 Tripontito
1253 3821 1410 3901 descripta

294 3923 511 3988 ᾞωωσ.
723 3915 805 3932 ’“

207 4065 417 4081 *-

236 4155 467 4216 mmmmm

235 4225 265 4291 l2)
283 4229 313 4281 P.
333 4229 366 4280 ll.
385 4235 417 4280 tt.
435 4229 479 4280 lto.

237 4297 561 4364 ornanda

235 4364 264 4430 11)
283 4369 404 4421 Viennae
426 4373 456 4422 Α.
476 4371 554 4422 1773.

236 4440 262 4501 ⁸)
275 4441 312 4493 P.
331 4441 365 4491 ΙΙ.
379 4445 411 4490 tt.
433 4438 474 4492 bl.
