3124 4868
1308 229 1379 298 135

181 392 778 490 magnitudineineasibnesiugulis
792 369 1247 492 speciatimdebgebantnr3
1268 394 1375 491 qnod,
1475 470 1477 476 ,

180 503 249 573 nisi
268 521 407 571 omnem
434 496 659 569 articulorum
684 495 727 569 de
754 497 823 568 hoe
850 500 991 591 obJ'eoto
1020 503 1167 596 copiose
1197 501 1376 591 agentium
1495 519 1499 531 ·

181 605 311 677 seriem
330 607 458 696 sponte
476 602 643 693 ignorare
660 600 833 691 velimus,
860 602 1008 675 inficiari
1034 604 1176 674 omnino
1195 622 1265 672 non
1284 621 1376 696 pos-

181 705 311 778 sumus.
340 704 503 799 systema
521 703 670 798 proinde
690 712 836 793 eertum,
863 703 1031 778 aelirum
1049 703 1152 778 isthio
1171 703 1375 798 deprehen-

132 832 135 837 ·
170 808 268 882 dere
285 807 394 898 velle,
421 805 514 879 idem
532 804 638 897 foret,
667 826 709 877 ao
726 815 877 902 tempus,
905 817 941 879 et
960 828 1105 905 operam
1121 805 1285 902 perdere.
1345 828 1347 832 ·

705 1001 742 1100 §.
771 1013 857 1089 549.

537 1162 758 1240 Peraonolt‘a
774 1163 1021 1252 Insurreetr'o.

284 1317 395 1405 Quum
414 1316 482 1413 ipsi
491 1313 524 1387 N
527 1314 674 1386 obilitati
692 1313 734 1386 ad
754 1335 849 1386 arma
868 1312 1127 1388 convolandum
1146 1314 1274 1406 luerat,
1285 1339 1374 1414 per-

183 1411 316 1495 sonalis
335 1418 552 1492 lnsnrreetio
572 1420 696 1489 stricto
716 1437 824 1490 sensu
853 1428 999 1514 aceepta
1019 1416 1199 1489 obtinebat
1215 1416 1269 1510 ⁴⁵).
1289 1419 1376 1509 Ejus

181 1524 442 1597 fundamentum
469 1544 489 1591 a
516 1523 627 1616 prinio
656 1519 771 1592 civilis
790 1521 930 1591 unionis
957 1529 1103 1592 nostrae
1122 1518 1271 1592 foedere
1292 1542 1376 1593 esse

180 1625 422 1724 repetendum,
432 1622 601 1718 banoque‘
614 1619 865 1715 obligationem
884 1645 963 1693 oum
981 1622 1265 1712 immunitatibus,
1276 1627 1377 1720 queis

36 1721 48 1742 ⁴
179 1729 239 1802 illa
267 1728 445 1824 pollebat,
473 1729 595 1800 intime
622 1727 808 1814 connecti,
837 1724 978 1799 anobis
998 1724 1155 1818 alioquin
1174 1747 1305 1820 saepe,
1335 1748 1378 1796 ao

179 1837 305 1904 iterum
324 1838 634 1904 commemoratum
652 1836 739 1899 erat.
767 1825 858 1901 Hine
874 1829 1076 1924 prouenit,
1091 1827 1185 1921 qnod
1209 1827 1376 1917 Praelati,

177 1935 361 2020 Berones,
388 1931 599 2024 Magnetes,
617 1928 837 2022 Regnioolae
856 1932 976 2023 quiqui
1006 1931 1063 2019 ⁸),
1081 1927 1194 2000 verbo
1214 1928 1246 1998 N
1249 1928 1375 2022 obiles,

179 2055 269 2131 quos
287 2033 349 2106 lex
366 2033 429 2106 sub
458 2031 524 2103 bae
551 2029 835 2102 nomenclatione
854 2033 890 2100 in
908 2029 1087 2123 Hungaria
1113 2029 1371 2125 complectitur,
1442 2103 1443 2106 ,

178 2139 338 2211 universi
367 2133 423 2225 ¹³),
452 2135 520 2206 etsi
549 2130 642 2204 bona
661 2153 731 2203 non
759 2131 988 2227 possideant,
1016 2153 1082 2227 pro
1110 2131 1226 2223 Regni
1246 2131 1376 2204 defen-

179 2244 281 2313 sione
300 2236 474 2326 militare,
504 2235 581 2307 sive
601 2233 695 2328 quod
714 2243 749 2305 et
767 2255 859 2305 nuno
877 2233 969 2305 idem
1001 2233 1168 2322 denotat,
1195 2255 1375 2329 persona-

77 2416 80 2421 .
178 2344 259 2415 liter
276 2344 465 2435 insurgere
484 2335 805 2429 obstringebantur.
833 2335 925 2424 Quin
943 2345 1061 2410 exstat
1089 2335 1290 2431 exemplum
1307 2359 1376 2409 nee
1486 2362 1488 2366 ·

176 2447 280 2534 illos,
308 2447 367 2539 qui
383 2442 486 2515 bonis
505 2463 569 2537 per
596 2441 730 2512 Turoas
761 2437 899 2535 depulsi
918 2439 1109 2529 carebant,
1136 2438 1202 2510 hae
1219 2441 1257 2510 in
1273 2449 1375 2534 parte

176 2548 289 2619 inisse
308 2553 471 2616 exemtos
503 2543 547 2632 ¹).
575 2541 666 2628 Quid
690 2541 784 2635 quod
807 2542 926 2638 legem
943 2541 1135 2631 habemus,
1164 2539 1254 2637 quae
1272 2542 1388 2618 sere

176 2650 320 2721 tentiam
338 2644 524 2742 capitalem
551 2645 587 2716 iu
606 2664 669 2714 eos
688 2648 918 2739 pronuntiat,
946 2647 1004 2742 qui
1027 2645 1254 2741 personalem
1273 2645 1369 2716 mili·
1455 2705 1458 2711 .

176 2754 344 2823 tationem
361 2749 521 2844 pecuniis
539 2744 754 2819 redemerint
783 2742 826 2842 d).

217 2895 256 2974 *)
278 2894 440 2958 Nobilium
475 2902 594 2956 tantum
624 2893 657 2955 in
691 2894 820 2974 proprie
856 2912 993 2975 persona
1030 2893 1230 2958 militantium
1263 2915 1373 2977 agmen

259 3000 369 3060 reapse
392 3000 450 3060 pro
472 2979 703 3042 lnsurreetione
726 2981 893 3061 aliquando
917 2981 1111 3055 labebatur,
1144 3001 1251 3045 verum
1275 2984 1374 3063 pede·
1459 3053 1461 3058 ,

261 3067 368 3127 lentim
393 3064 467 3126 stilo
499 3073 528 3125 et
553 3084 612 3126 usn
632 3064 773 3144 legibus,
795 3067 958 3142 historiis,
991 3067 1276 3146 diplomatibnsque
1299 3067 1374 3130 vul-

260 3153 328 3232 gari
350 3150 594 3214 lnsurreotionis
617 3150 770 3212 voeabulo
794 3151 886 3214 etiem
910 3150 1045 3213 statutio
1066 3152 1197 3227 portalis
1215 3153 1374 3232 designari

259 3236 361 3316 eoepit
383 3239 472 3312 adeo,
486 3231 528 3298 'ut
541 3235 785 3317 frequenterper
806 3236 869 3298 alia
891 3235 993 3298 solum
1017 3234 1167 3318 adjuncta
1182 3237 1252 3298 erni
1272 3247 1372 3316 queat,
1499 3241 1501 3244 ’

258 3330 362 3386 utrum
381 3324 418 3385 da
434 3320 596 3402 personali
612 3323 856 3402 lnsnrreotione,
874 3321 924 3386 vel
938 3320 1054 3404 portali
1073 3321 1184 3386 militia
1200 3341 1303 3385 sermo
1322 3325 1373 3389 sit.

706 3515 743 3603 §.
773 3516 859 3588 550.

376 3667 456 3752 Quo
483 3687 565 3740 eum
594 3663 889 3758 temperamento
919 3665 1173 3760 accipienda?
1257 3708 1259 3713 -

274 3812 459 3908 Nunquam
487 3815 627 3885 interim
659 3833 767 3887 sensu
796 3817 959 3910 praecise
985 3818 1235 3908 grammatino,
1267 3825 1371 3910 atqne

173 3933 217 3983 eo
238 3936 314 3986 oum
333 3921 454 4009 rigore
472 3917 673 4013 personalis
691 3916 828 3991 isthaec
853 3916 1023 4009 obligatio
1053 3927 1108 3989 est
1125 3916 1369 4011 intelligenda,

174 4081 382 4095 ——-.--„„-

200 4155 229 4308 pq
243 4158 370 4299 :quqtuL
389 4165 458 4230 plur.
477 4165 529 4234 leg.
546 4167 623 4222 tots.
644 4169 684 4223 19.
704 4170 789 4223 (lons,
807 4169 871 4222 Pes.
890 4168 968 4222 1557.
985 4167 1010 4220 2.
1028 4190 1062 4202 —
1082 4167 1110 4220 P.
1128 4169 1148 4221 1.
1167 4173 1196 4222 tt
1216 4169 1240 4225 9.
1259 4175 1312 4224 ete.

322 4285 327 4298 .
346 4250 370 4300 8.
995 4287 997 4291 -

201 4330 228 4397 ο)
247 4330 325 4386 rurs.
344 4334 386 4386 ra.

201 4415 228 4490 δ)
246 4416 324 4479 tttt.
342 4421 385 4480 tr.
