3158 4864
1262 208 1334 284 ios

139 393 205 473 per
223 373 344 454 secula
361 370 487 453 illaese
504 373 746 471 perstiterant,
766 371 969 448 consentire
988 374 1024 446 in
1039 379 1102 464 eo,
1121 373 1218 472 quod
1231 384 1337 450 uter-

141 501 210 574 que
236 479 425 572 Indigenas
454 476 570 571 Regni
603 481 771 564 attineat,
798 485 947 572 uterque
975 497 1103 564 unam,
1131 488 1168 549 et
1190 477 1339 551 eandem

140 581 369 676 personalem
386 577 523 652 adierat
541 580 839 674 praerogativam,
868 576 985 650 elucet
1003 599 1051 649 ex
1070 577 1185 650 allatis
1200 603 1210 666 3
1237 582 1273 650 in
1291 599 1338 651 eo

140 692 256 756 tamen
270 683 483 777 discrepant,
504 680 598 776 quod
615 680 672 752 bic
683 679 715 752 N
718 678 911 751 obilitatem
930 681 1114 776 expressis
1125 679 1246 751 verbis
1259 702 1339 751 cum

140 789 335 879 capacitate
355 782 469 856 solum
487 780 783 878 possidendorum
792 780 971 853 Bonorum
991 780 1249 867 nobilitarium;
1277 781 1339 853 ille

139 905 228 957 vero
248 885 395 958 eandem
412 888 521 957 tacite
540 886 658 973 etiam,
687 894 742 956 ast
766 883 839 973 jam
868 883 970 954 simul
990 904 1067 954 cum
1085 881 1194 955 fundo
1213 884 1339 978 possi-

62 1055 63 1058 ,
142 985 256 1060 dendo
286 986 467 1080 largiatur.
1274 1020 1276 1024 ·

693 1163 701 1179 .
729 1111 815 1184 267.

445 1237 516 1309 ΙΙΙ.
544 1111 793 1327 [carpebatur
820 1232 1038 1308 collatione.

243 1379 385 1454 Exteris
403 1381 505 1475 leges
525 1392 685 1455 neutram
703 1385 861 1472 istarum,
882 1403 968 1476 quas
982 1382 1226 1477 explicuimus,
1245 1384 1342 1455 viam

142 1482 337 1576 largiuntur
367 1477 411 1585 ¹),
438 1503 562 1556 verum
589 1484 665 1558 sola
686 1484 908 1576 alienigenae
936 1486 973 1554 in
991 1504 1173 1554 numerum
1191 1483 1342 1578 Hunga-

141 1606 260 1656 rorum
279 1587 461 1675 assumtio,
490 1588 568 1658 sive
583 1586 674 1676 juris
692 1587 807 1659 nost-ri
821 1583 997 1658 vocabulo
1017 1582 1342 1678 Indigenatus.

142 1685 206 1757 Hic
225 1687 255 1757 si
283 1688 479 1778 generatim
501 1698 704 1784 spectetur,
733 1698 789 1760 est
816 1697 1083 1758 momentaneus
1111 1686 1223 1777 alter,
1251 1686 1343 1758 alter
1426 1683 1433 1709 ³

143 1791 381 1859 successivus.
418 1786 491 1859 Isto
519 1799 643 1884 suapte
672 1789 811 1882 quidem
836 1810 909 1860 non
936 1786 1110 1875 nobilitat,
1138 1786 1342 1881 Hungarum

141 1898 258 1959 tamen
287 1887 417 1974 allicit,
446 1887 606 1980 adeoque
626 1887 803 1978 idoneum,
823 1899 861 1959 ut
889 1887 1001 1958 modis
1022 1909 1129 1982 supra
1147 1887 1269 1961 relatis
1281 1889 1344 1962 vel

140 1991 232 2083 ipse,
255 1987 316 2059 vel
337 1991 434 2058 certe
454 1991 591 2081 posteri
607 1988 751 2057 alterius
770 1986 936 2078 ignobilis
955 1985 1112 2078 Hungari
1130 1991 1241 2060 instar
1261 1989 1293 2060 N
1296 2012 1343 2060 o-

139 2090 310 2159 bilitatem
337 2087 458 2159 valeat
475 2089 657 2180 consequi.
686 2087 896 2159 Pervenitur
917 2084 960 2156 ad
980 2107 1060 2156 eum
1078 2108 1126 2157 ex
1144 2100 1343 2160 consuetu-

141 2189 222 2261 dine
249 2191 381 2279 magis,
410 2209 513 2282 quarn
534 2191 755 2284 praescripto
783 2209 849 2283 per
878 2186 1108 2259 decennalem
1138 2209 1343 2260 commora-

140 2294 286 2381 tionem,
316 2293 346 2361 si
373 2291 601 2385 permanendi
618 2290 785 2363 voluntas
810 2288 996 2360 manifesta
1016 2291 1072 2361 sit.
1114 2287 1216 2362 Cavit
1233 2289 1343 2362 nihil-

142 2395 277 2466 ominus
305 2391 495 2480 articulus,
522 2412 587 2487 per
613 2413 680 2465 nos
699 2414 791 2463 nunc
809 2398 1026 2485 provocatus
1057 2388 1103 2483 b),
1132 2400 1339 2482 extraneos,

141 2497 177 2565 in
194 2494 380 2587 Hungaros
413 2492 504 2563 haud
536 2504 724 2590 receptos,
759 2514 824 2589 pro
852 2491 970 2586 Regni
995 2490 1179 2564 Nobilibus
1207 2492 1343 2584 haberi,

140 2615 257 2690 neque
287 2596 520 2666 eos-licet
543 2594 587 2666 de
625 2594 718 2666 iacto
757 2597 793 2666 in
818 2593 945 2686 Regno
984 2593 1166 2666 resideant
1194 2634 1246 2647 -
1277 2616 1342 2690 per

142 2697 237 2769 solas
256 2695 419 2768 Armales
438 2694 626 2789 Hungaros
653 2695 743 2785 ficri,
772 2695 934 2788 adeoque
953 2714 1020 2765 neo
1049 2694 1141 2766 bona
1161 2697 1210 2767 ‘in
1228 2717 1340 2791 prae-

137 2796 305 2886 iudicium
324 2796 571 2891 indigenarum
595 2819 727 2888 emere,
754 2797 815 2870 vel
832 2794 1021 2893 possidere
1041 2815 1152 2890 posse
1185 2799 1228 2890 ⁸).

694 2999 702 3016 .
731 2948 818 3020 268.

245 3071 320 3144 Per
347 3092 460 3164 qoam
484 3075 625 3146 Exotero·
647 2947 690 3145 ἐξ
715 3075 839 3163 Regna·
861 3070 1022 3146 Nobiles
1049 3083 1236 3142 creantur.

249 3191 380 3266 Contra
400 3207 666 3268 momentaneus
691 3195 942 3288 IndigenatuS,
973 3194 1051 3266 aliis
1085 3195 1190 3265 etiam
1216 3189 1347 3263 Natio-

145 3295 248 3367 nibus
266 3298 429 3382 usitatus,
446 3298 548 3392 apud
565 3318 632 3370 nos
650 3298 787 3369 modurn
807 3296 1013 3369 nobilitandi
1042 3293 1233 3391 specialem
1252 3313 1347 3367 con-

147 3399 273 3486 stituit,
294 3394 490 3490 eodemque
510 3408 670 3469 ornatum
687 3400 784 3471 illico
804 3400 920 3491 Regni
939 3395 1102 3470 Nobilem
1120 3395 1245 3468 reddit.
1268 3395 1348 3466 Hu-

144 3500 248 3588 jusce
273 3496 499 3570 collationem
527 3498 619 3569 dorni
645 3509 790 3572 nostrae
819 3500 952 3594 absque
981 3501 1208 3570 restrictione
1239 3506 1349 3590 pote·

149 3604 250 3672 statis
280 3601 403 3690 regiae
445 3599 508 3672 sub
533 3600 668 3670 initium
697 3600 823 3689 fuisse,
869 3601 1112 3672 demonstrant
1149 3599 1347 3684 innumera,

150 3723 240 3795 quae
259 3700 406 3774 historia
426 3700 555 3796 prodit,
574 3701 736 3796 exempla
752 3697 815 3802 Ἲς
837 3701 895 3774 ubi
913 3714 1031 3777 tamen
1052 3699 1227 3788 favorem,
1247 3699 1349 3789 cujus

149 3802 331 3874 moderata
370 3801 511 3896 largitio
546 3802 711 3897 profecto
741 3803 854 3876 cuivis
893 3800 1035 3876 Civitati
1065 3823 1129 3875 sua
1165 3797 1350 3872 commoda

152 3901 277 3992 adfert,
288 3904 422 3998 primae
442 3909 547 3976 etiam
557 3903 684 4001 Stirpis
692 3905 875 3998 Principes
893 3906 1007 3976 nostri
1018 3902 1202 3975 admodum
1212 3901 1349 3975 libera-

150 4003 231 4077 liter
262 4006 547 4102 impertirentur,
574 4006 610 4079 id
628 4005 848 4104 popularium
866 4003 1032 4080 invidiam
1051 4025 1197 4078 movere
1218 4003 1349 4100 coepit,

155 4151 338 4167 —

181 4193 207 4254 a)
226 4197 307 4249 ornan.
327 4199 403 4253 16³0.
422 4201 464 4255 so.

180 4265 208 4330 ¹r)
227 4269 331 4320 Eodem
351 4277 402 4323 art.

181 4336 205 4399 e)
225 4335 303 4390 1844·
