3094 4868
233 207 312 284 ibo

231 377 397 450 diducant
422 383 540 448 umen
568 371 760 446 nominatio
789 369 1052 462 Praelatorum,
1089 371 1207 466 Regni
1240 371 1428 467 Beronum,

231 477 436 566 nobilitatis,
465 474 656 561 titulorum,
686 470 845 544 ordinum
873 471 1029 562 collatio,
1058 486 1094 547 et
1122 475 1186 548 Jus
1212 471 1430 568 adgratiandi

229 582 353 673 regiae
389 578 561 652 decisioni
597 583 795 648 reservata.
834 573 876 648 ΙΙ.
916 573 1078 648 Mondaia
1115 580 1194 650 sive
1229 576 1428 653 immediate

229 683 349 775 regia,
378 701 443 753 seu
469 681 571 770 regio
600 678 742 750 nomine
769 675 965 770 vulganda,
993 687 1032 748 ut
1048 677 1205 772 legitima
1232 680 1321 770 sint,
1350 683 1426 754 sine

228 781 430 856 discrimine
458 799 600 875 semper
626 777 886 872 subscriptione
915 778 1074 872 indigent
1100 781 1203 854 unius
1228 779 1272 851 de
1290 785 1425 874 gremo

228 883 479 957 blinistrornm.
507 881 567 952 111.
595 878 666 952 Vel
691 883 794 952 istam
820 882 927 976 igitur
946 877 990 952 ob
1010 902 1150 955 causam
1169 887 1425 982 praescriptum

225 987 385 1073 invenio,
412 983 594 1078 quemdam
611 981 773 1070 illorum,
801 981 927 1055 additis
945 985 981 1053 in
1000 981 1211 1074 adjutorium
1228 981 1319 1056 binis
1338 985 1424 1058 Sta-

226 1097 283 1158 tus
315 1083 561 1173 Consiliariis‚
600 1085 767 1156 continuo
805 1084 896 1176 Regi
925 1105 1045 1154 coram
1085 1085 1213 1158 adesse
1255 1096 1421 1181 oportere

224 1185 286 1259 tv.
315 1184 463 1260 Constet
490 1185 723 1259 Ministerinm
750 1184 939 1274 Praeside,
976 1194 1013 1256 et
1041 1185 1292 1260 Commembris
1326 1197 1421 1277 octo,

225 1292 381 1381 negotiis
399 1287 516 1379 Regni
533 1289 695 1376 internis,
725 1297 761 1358 et
788 1309 865 1359 cum
891 1285 1037 1381 reliquis
1055 1287 1284 1364 Monarchiae
1302 1288 1421 1388 Ditio-

224 1387 327 1462 nibus
345 1393 381 1462 in
398 1411 494 1460 nexu
512 1389 652 1483 positis,
678 1391 732 1459 rei
750 1391 833 1461 itam
855 1389 1051 1479 neroniade,
1078 1389 1286 1480 dnancialis,
1313 1389 1421 1463 belli-

225 1513 302 1582 cee,
323 1492 592 1580 commercialis,
609 1492 653 1562 iis
672 1500 873 1584 praeterea,
893 1512 983 1584 quae
998 1489 1041 1563 ad
1058 1491 1245 1582 Justitiam,
1264 1497 1420 1584 gratias-

225 1613 294 1686 que
312 1590 527 1684 largiendas,
556 1613 646 1685 quae
671 1592 812 1666 tandem
831 1593 875 1665 ad
903 1591 1052 1683 cultum,
1080 1602 1117 1665 et
1133 1593 1338 1666 litterariam
1356 1598 1419 1665 in-

224 1695 443 1765 stitutionem
460 1692 663 1764 referuntur
682 1693 889 1787 dirigendis,
918 1717 960 1764 ac
980 1695 1223 1790 procurandis.
1242 1696 1285 1767 V.
1306 1697 1418 1767 Prae-

222 1793 335 1868 tidem
352 1793 539 1866 Ministerii
564 1792 700 1885 Regiae
728 1793 924 1884 MaJeatati,
954 1804 1055 1866 extra
1078 1797 1240 1891 Regnum
1258 1818 1417 1870 commo-

221 1897 326 1985 ranti,
353 1896 553 1984 Palatinus,
586 1893 769 1970 llinistros
796 1897 954 1994 reliquos
978 1896 1130 1973 Praescs
1159 1896 1415 1973 confirmandos

219 2007 409 2092 proponat,
436 1997 547 2088 idem,
573 2007 723 2092 utroque
751 1999 912 2072 Priorum
938 1999 1098 2090 absente,
1126 1998 1287 2094 Collegio
1306 2022 1415 2097 prae-

219 2096 347 2191 sideat,
374 2100 469 2195 qnod
487 2099 547 2174 iila
566 2119 632 2196 pro
651 2102 791 2174 ratione
809 2102 1027 2196 agendorum
1049 2098 1271 2178 convocabit.

736 2306 774 2393 §.
804 2308 887 2382 757.

582 2450 845 2544 desponsione·
867 2453 1048 2528 adnotato.

317 2597 550 2676 Ministeriale
570 2595 787 2694 Collegium,
808 2599 925 2696 quoad
944 2624 999 2693 ea,
1027 2624 1117 2698 qnae
1136 2599 1415 2678 administratio-

217 2705 275 2790 nis
293 2703 360 2780 sibi
378 2704 534 2778 creditae
553 2698 738 2795 sphaeram
766 2705 992 2794 contingunt,
1026 2707 1254 2800 responsioni
1287 2703 1416 2792 subje-

216 2817 331 2894 ctum,
358 2828 428 2878 una
445 2824 511 2897 per
527 2799 644 2892 legem
664 2801 915 2894 obstringitur,
942 2801 1077 2875 reditus
1096 2803 1278 2899 publicos,
1306 2802 1415 2877 inde-

215 2926 283 2999 que
313 2900 571 3000 supportandos
600 2905 832 2996 erogationes
862 2899 1004 2974 diaetali
1031 2905 1176 3001 corpori
1203 2927 1318 2977 annue
1347 2927 1412 2979 re-

213 3015 435 3095 monstrare,
464 3012 501 3076 et
519 3001 563 3075 de
580 2999 658 3095 his,
678 3025 846 3100 quorsum
864 3008 1075 3096 conversis,
1102 3007 1324 3080 ratiocinium
1342 3005 1411 3080 fine

212 3109 407 3181 revisionis
427 3103 608 3178 exhibere.
636 3103 801 3196 Adhaec,
829 3103 909 3177 dum
934 3105 1102 3181 alterutra
1127 3108 1271 3182 duarum
1290 3106 1410 3182 Tabu-

213 3207 326 3282 larum
342 3209 602 3305 postulaverit,
632 3229 704 3280 non
722 3217 856 3282 tantum
874 3206 918 3280 ad
934 3209 1166 3304 praestandos
1186 3209 1410 3283 dilucidatio-

212 3331 278 3385 nes
307 3307 527 3404 Congressni
554 3328 727 3404 praesens
757 3308 909 3399 adesse,
938 3311 1002 3383 sed
1031 3321 1108 3384 acta
1137 3333 1278 3408 quoque
1304 3309 1408 3383 cilicii

213 3412 487 3486 subministrare.
516 3407 592 3481 Erit
618 3431 708 3484 varo
740 3409 925 3501 Minister,
952 3411 1012 3484 vel
1036 3415 1151 3510 ipsum
1168 3415 1204 3485 in
1223 3411 1409 3507 complexu

213 3510 411 3609 Collegium
429 3515 465 3586 in
484 3513 729 3607 quaestionem
757 3513 956 3586 vocandum
984 3510 1029 3584 ob
1053 3513 1188 3588 laesam
1214 3515 1330 3608 Regni
1347 3514 1407 3585 in-

211 3619 437 3710 tegritatem,
467 3612 512 3686 ob
538 3612 707 3687 violatam
738 3612 1032 3705 Constitutionis,
1060 3615 1202 3711 legum,
1229 3616 1291 3689 vel
1318 3636 1407 3709 pro-

210 3719 375 3813 prietatis
403 3717 688 3806 sanctimoniam,
716 3713 761 3786 ob
778 3713 913 3789 reditus
932 3714 1115 3812 publicos,
1140 3717 1305 3814 bonaque
1330 3724 1408 3788 sta-

208 3829 266 3891 tus
283 3816 530 3916 pessumdata,
558 3827 618 3890 ant
647 3820 780 3893 vetitos
807 3819 844 3888 in
862 3815 951 3891 fines
981 3839 1180 3910 conversa3
1208 3822 1239 3894 si
1258 3817 1408 3910 denique

209 3919 356 4016 culpose
374 3920 435 3994 vel
463 3919 581 4014 legum
600 3919 761 3993 ellectum
788 3939 983 4015 procurare
1002 3923 1186 4018 negligat,
1212 3919 1274 3994 vel
1302 3927 1408 3991 ante-

206 4032 352 4095 vertere
371 4025 589 4112 intermittat,
611 4044 702 4116 qnae
721 4020 764 4094 ad
782 4021 1074 4096 manutenendam
1094 4024 1319 4117 securitatem
1338 4039 1408 4114 pa·
1515 4021 1516 4030 ’

209 4121 336 4194 blicam
362 4121 471 4219 agere
497 4128 651 4197 muneris
681 4126 757 4214 sui,
786 4120 1083 4222 obligationisqnc
1110 4123 1286 4212 fuissent3
1315 4119 1409 4194 Casa
1515 4173 1516 4212 ,

211 4223 317 4294 simili
336 4229 549 4315 eveniente,
577 4229 752 4299 actionem
771 4224 945 4301 adversus
971 4235 1155 4318 gravatum
1175 4226 1409 4298 determinare

205 4321 387 4398 incumbet
414 4325 571 4402 Tabulae
600 4326 781 4402 inferiori:
810 4323 996 4425 Superiori
1018 4327 1163 4408 iudces
1189 4349 1237 4403 ex
1259 4325 1407 4426 proprio
