3094 4868
30 615 49 659 ·,
124 545 127 550 ¹
221 555 340 630 Sedes
357 551 570 628 Iudiciaria
589 577 609 628 c
627 557 760 650 quidus
778 553 953 628 membris
974 561 1242 646 componitur?

233 700 310 774 Jam
336 723 693 778 commemoraveram
723 702 866 777 insede
886 699 1116 774 Comitatuum
1140 702 1331 778 Judiciarie

41 873 42 878 ,
129 803 349 878 Praesidium
377 808 573 878 eminenter
598 805 805 901 Supremum
835 801 1027 893 Comitem,
1056 806 1125 878 isto
1152 825 1240 878 vero
1261 805 1328 878 ab·

24 925 46 935 ··
129 917 255 996 sente,
281 905 429 980 alterum
457 906 764 993 Viae-Comitum
792 907 970 978 ordinarie
998 906 1182 1002 respicere
1201 905 1326 998 (700).

128 1008 351 1082 Intervenire
381 1018 569 1104 praetcrea
596 1009 786 1083 nonnullos
815 1031 836 1079 e
864 1007 1097 1101 Magistratu,
1124 1011 1330 1080 nominatim

40 1129 46 1194 j.
122 1109 273 1184 tumeas
302 1109 502 1200 Nobilium,
532 1121 568 1182 et
593 1109 718 1184 horum
747 1111 933 1201 adjunctos
965 1107 1195 1199 Jurassores,
1231 1112 1329 1182 litem

33 1229 36 1243 ’
125 1211 335 1301 referente,
364 1234 406 1284 ac
431 1231 536 1284 manu
565 1233 629 1284 sua
656 1215 866 1286 sententiam
886 1208 1022 1282 Causae
1049 1211 1227 1284 scribente
1246 1209 1329 1282 No-

19 1333 42 1401 rb
127 1316 231 1385 tario
262 1313 360 1385 Ultra
387 1318 476 1385 istos
505 1313 724 1386 advocantur
753 1312 909 1384 Tabulae
926 1310 1141 1384 iudiciariae
1169 1311 1329 1401 ejusdem

19 1457 41 1503 „J
128 1413 324 1488 Comitatus
356 1415 602 1507 Assessores,
648 1435 796 1510 qnorum
831 1417 964 1509 pariter
1003 1415 1166 1509 superius
1194 1417 1327 1486 mentio

19 1560 39 1608 „J
128 1515 222 1590 facta
241 1515 368 1587 fuerat.
396 1516 611 1591 Provocatio
639 1539 728 1590 vero
758 1513 884 1587 abinde
911 1514 954 1602 ad
978 1513 1147 1608 Regiam,
1176 1523 1236 1586 aut
1252 1514 1336 1604 Ba-v

126 1617 244 1690 nalem
263 1615 430 1689 Tabulam
449 1627 515 1689 est.
544 1615 789 1690 Vico-Comes
819 1640 896 1688 cum
914 1614 1074 1691 Judicem
1092 1621 1128 1688 in
1148 1617 1264 1690 causis
1284 1617 1329 1688 ad

126 1741 228 1792 suum
246 1719 442 1790 ludicatum
461 1720 723 1812 pertinentibus.
738 1741 785 1790 ex
801 1717 884 1813 lege
904 1719 1000 1810 agit,
1031 1718 1190 1791 Judicem
1210 1715 1329 1789 Nobi-

19 1811 34 1870 ll
125 1821 234 1911 lium,
263 1829 299 1892 et
334 1818 561 1891 Jurassorem
592 1825 627 1894 in
665 1820 854 1912 collegium
888 1823 1037 1916 accipit;
1075 1823 1153 1916 pari
1175 1821 1328 1890 ratione

19 1918 33 1957 a
125 1921 242 1994 Judex
260 1920 437 1993 Nobilium
457 1924 534 1994 sine
553 1922 730 2014 Adjuneto
750 1921 941 1994 Jurassore
959 1925 1135 2014 integrum
1153 1917 1328 1990 Jndioinm

125 2046 199 2097 non
220 2026 423 2114 constituit,
453 2044 543 2119 quae
561 2027 701 2096 memini
719 2025 756 2092 in
775 2020 1025 2119 Superioribus
1045 2020 1219 2114 attigisse.

649 2225 686 2314 δ.
716 2229 802 2300 740.

559 2375 711 2447 ,iudicio
728 2371 899 2448 ortona.

121 2512 125 2520 ’
226 2519 327 2596 Inter
346 2521 546 2615 primaevas
564 2520 754 2592 liberarum
773 2520 949 2609 villarum,
974 2541 1016 2592 ac
1034 2529 1163 2616 postea
1180 2517 1325 2593 Urbium

123 2599 307 2696 libertates
337 2621 527 2693 identidem
545 2624 731 2709 recensui,
760 2624 982 2692 exemtiones
1010 2621 1052 2693 ab
1072 2624 1189 2694 alieno
1219 2621 1324 2695 111111-

128 2727 209 2820 cio;
236 2727 444 2798 vetustioris
463 2745 535 2795 non
562 2725 698 2810 minus,
727 2742 829 2814 quam
860 2725 1072 2793 recentioris
1092 2726 1239 2815 originis
1259 2722 1325 2796 oi-

124 2825 291 2900 vitatibus
321 2847 397 2894 cum
430 2827 507 2924 ipsa
542 2823 789 2895 elibertationc
809 2819 1030 2912 attributam,
1068 2827 1196 2917 vigore
1222 2826 1324 2916 cujus

125 2929 251 3015 cives,
282 2937 317 2998 et
336 2929 394 3020 qui
410 2921 453 2995 111
471 2925 807 2997 Jurisdictionem
779 2925 926 2995 crvieam
943 2923 1188 3044 referuntur,
1179 2949 1215 2998 1n
1235 2949 1325 2998 cau-

125 3030 175 3100 sis
215 3037 285 3098 tam
322 3025 506 3114 civilibus,
543 3047 644 3120 quam
681 3020 939 3109 criminalibus,
977 3029 1046 3096 nisi
1081 3028 1143 3096 lex
1180 3032 1325 3117 eximat,

123 3128 263 3224 ¹Judioio
298 3128 432 3224 proprii
458 3125 686 3220 Magistratus
713 3135 849 3222 parent.
894 3125 1052 3220 Propriis
1090 3127 1174 3196 item
1203 3125 1322 3220 quoad

126 3251 252 3302 causas
287 3229 412 3302 civiles
448 3227 551 3302 Foris
590 3225 745 3322 gaudent
782 3225 1068 3321 Appellatoriis,
1111 3248 1179 3322 quo
1219 3227 1322 3299 titulo

124 3333 216 3402 aliae
245 3330 288 3401 ad
319 3331 596 3404 Tavernicorum
623 3327 807 3421 Regalinm
834 3325 1042 3420 Magistrum
1066 3325 1131 3419 l);
1158 3326 1248 3398 aliae
1279 3328 1324 3399 ad

123 3430 355 3508 Personalem
391 3432 621 3503 Praesentiae
663 3430 799 3522 Regiae
839 3427 1151 3501 locumtenentem
1195 3429 1324 3501 hacte-

123 3553 191 3606 nus
227 3532 552 3628 promovebantur,
588 3532 649 3604 illo
687 3541 804 3603 tamen
841 3552 917 3601 cum
954 3532 1178 3618 discrimine,
1227 3530 1324 3623 quod

125 3657 144 3705 a
189 3633 282 3710 Sede
318 3634 549 3727 personalitia
593 3633 688 3704 1111111
722 3635 871 3705 ulterior
906 3630 1101 3725 appellatio.
1142 3629 1321 3724 suffrage-

123 3745 204 3824 tur,
233 3758 253 3806 a
280 3734 373 3808 Sede
401 3733 611 3809 tavernicali
638 3755 727 3805 vero
757 3731 895 3805 Causae
922 3742 1026 3818 antea
1050 3735 1155 3804 etiam
1184 3733 1228 3834 ad
1247 3733 1324 3803 Ta·
1356 3805 1358 3810 ,

122 3833 240 3908 bulam
282 3835 458 3927 Regiam,
495 3857 587 3906 nunc
622 3833 666 3905 ad
700 3831 993 3929 Septemviralem
1026 3841 1159 3906 tantum
1192 3834 1323 3903 imme-

125 3937 219 4008 diate
262 3939 539 4008 transmittantur
570 3937 614 4024 J.
658 3935 851 4029 Utrobique
898 3934 1322 4006 1111111111Τ111111111

126 4038 265 4132 quidem
292 4039 415 4109 Vice-
426 4039 703 4110 Tavernicorum
730 4037 922 4128 Magister,
954 4033 1190 4142 Ablegatique
1219 4031 1324 4109 civi-

124 4147 256 4226 tatum,
295 4159 382 4230 erga
417 4137 594 4212 Praesidis
627 4131 925 4233 provocationem
948 4157 1013 4233 per
1039 4156 1125 4210 suos
1153 4137 1319 4211 exuissi:

123 4281 318 4300 m

155 4349 501 4418 11..1ο1111.,
727 4399 730 4404 .
777 4376 780 4385 -

178 4421 222 4496 11.
1072 4428 1118 4500 16
