3124 4868
194 215 245 296 88
294 312 296 314 ,

238 383 277 468 ⁸)
300 381 445 448 Historia
467 389 559 446 vetus
589 387 620 445 et
640 399 733 458 nova,
765 379 854 462 larga
885 380 1020 460 desuper
1042 379 1180 460 exemplo
1202 376 1393 460 suppeditat,

281 489 359 550 quae
369 470 507 532 nobis-
519 465 1263 550 praeterPrnyum‚etllattbydnyiom-Pdterl'y
1277 464 1310 547 ¹)
1323 483 1396 526 cum

280 555 408 618 llibinio
423 556 459 638 ι)
481 555 630 617 indicunt.
659 553 827 615 Praetereo
856 552 888 612 in
911 552 1050 613 omnium
1073 551 1289 614 recordatione
1311 569 1394 612 con-

281 641 387 717 sistit,
417 659 543 703 necesse
579 638 746 701 babuisse:
795 636 962 699 Primatem
997 638 1097 718 Regni
1131 637 1341 700 Alexandrum
1373 655 1394 697 a

281 728 396 790 lludun
416 729 455 790 ad
487 725 675 788 nationalem
708 725 869 805 synodum
900 725 1068 804 cogendam
1097 724 1219 804 regium
1251 730 1398 804 expetere

280 812 455 961 inqultumq
497 829 692 892 canonesque
731 809 846 872 ibidem
879 809 1023 872 conditos
1055 810 1159 891 regiae
1193 806 1400 875 ratificationi

284 919 322 962 su
345 909 497 962 sternere.

218 1009 280 1098 ll)
302 1010 419 1072 Libera
441 1009 554 1090 quippe
576 1007 775 1090 synodorum
805 1003 972 1067 celebratio
1001 1003 1200 1087 Evangelicis
1232 1000 1399 1083 utriusque

285 1096 507 1161 Conlessioois
528 1095 662 1156 Decreto
684 1090 840 1172 Leopoldi
861 1092 902 1156 ll.
927 1091 1106 1154 curatione
1128 1092 1161 1153 in
1183 1091 1292 1153 lutura
1313 1096 1399 1150 tem·-

283 1202 363 1263 pora
383 1182 539 1243 asseritur
561 1188 617 1257 „ut
638 1179 764 1258 praevie
786 1186 848 1239 tam
872 1180 973 1257 quoad
993 1197 1155 1240 numerum
1177 1194 1399 1257 personarum,

283 1271 344 1346 „ad
366 1266 439 1330 illas
461 1267 722 1342 concurrentium,
745 1283 834 1345 quam
857 1265 949 1326 etiam
974 1261 1094 1347 objecta
1116 1264 1230 1325 ibidem
1252 1271 1399 1342 pertrac-

284 1355 411 1432 „tanda,
433 1371 469 1416 ac
490 1353 592 1415 locum
614 1353 722 1434 regius
744 1350 929 1431 impetretur
951 1368 1118 1425 assensusq
1142 1366 1348 1426 canonesque,
1366 1353 1399 1408 et

284 1442 440 1518 „statuta
462 1439 577 1502 ibidem
593 1439 718 1501 condita
734 1437 871 1515 nonnisi,
895 1444 1059 1517 postquam
1076 1435 1399 1515 superinspectionem

285 1525 487 1676 ”ffl'ilaffi‘i
516 1525 844 1693 >approbationemque
876 1521 1061 1601 retulerint,
1093 1523 1192 1586 robur
1223 1521 1401 1584 cominatur

286 1653 307 1690 „
378 1631 390 1674 1
504 1625 548 1674 ⁶.

722 1798 759 1884 §.
788 1799 875 1872 470.

552 1949 601 2022 II.
631 1949 711 2020 Pri'e
735 1949 1046 2022 Fundotz'om'bua.

300 2098 383 2172 Pias
399 2099 638 2193 cujuscunque
650 2101 801 2171 nominis
813 2097 1053 2171 Fundationes
1073 2097 1116 2168 ad
1134 2104 1286 2170 mentem
1296 2093 1395 2166 Fun·

206 2203 366 2274 datorum
393 2223 476 2274 esse
505 2200 819 2289 administrandas,
849 2203 960 2292 exigit
988 2203 1109 2272 stricta
1130 2201 1289 2290 justitia,
1325 2207 1397 2268 tum

161 2357 164 2360 -
201 2305 357 2399 positiva
383 2304 498 2395 legis,
527 2302 713 2397 dispositio
746 2297 803 2391 ³);
833 2303 876 2372 ad
895 2301 989 2394 quod
1018 2295 1166 2397 amplius
1194 2297 1398 2370 firmandum

198 2414 345 2492 nostra,
372 2413 579 2498 patrumque
607 2407 776 2474 memoria
803 2423 895 2495 pene
921 2406 957 2473 in
976 2424 1110 2473 morem
1140 2402 1236 2474 abire
1265 2403 1396 2495 coepit,

199 2509 312 2598 magis
341 2504 536 2591 notabiles,
564 2503 704 2592 adjecto
735 2502 933 2575 fundatoris
962 2509 1125 2593 nominc,
1163 2502 1396 2575 comitialibus

200 2608 354 2678 decretis
385 2610 560 2693 insertas,
589 2625 694 2675 serae
729 2609 930 2700 posteritati
959 2611 1197 2677 transmittere
1230 2605 1274 2694 ⁰);
1318 2604 1394 2674 lam
1470 2620 1480 2630 ‘

201 2710 405 2802 quorumvis
424 2707 585 2780 similium
602 2705 858 2778 Fundationum
886 2730 1084 2802 supremam
1104 2729 1244 2795 curam,
1273 2714 1308 2776 ct
1326 2728 1394 2800 pa-

141 2895 144 2900 ·
200 2812 387 2880 trocinium
413 2808 504 2901 Regi
536 2827 619 2879 esse
645 2815 892 2898 reservatum,
917 2811 979 2880 lex
1004 2808 1068 2881 sub
1098 2806 1227 2881 Garolo
1257 2807 1317 2880 lll.
1337 2806 1396 2876 di-

201 2919 294 2980 ctata
328 2906 360 2998 f)
381 2912 513 3003 apertis
531 2908 653 2980 verbis
673 2910 784 2980 edixit
801 2907 856 2999 ἰ).
884 2909 1017 2981 Videre
1043 2911 1193 3005 proinde
1213 2932 1254 2982 ac
1272 2930 1336 3005 pro
1356 2930 1396 2978 re

192 3009 284 3082 nata
302 3032 446 3103 urgere,
457 3020 495 3082 ut
514 3010 710 3084 destinatos
729 3015 764 3082 in
782 3009 871 3083 lines
888 3034 1017 3106 reapse
1037 3021 1281 3101 convertatur,
1294 3010 1400 3104 quid-

201 3111 284 3206 quid
301 3115 370 3207 piis
389 3110 515 3184 finibus
549 3111 745 3184 dedicatum
771 3111 858 3202 fuit,
885 3136 980 3186 neve
1003 3115 1084 3185 iude
1112 3115 1289 3208 quidpiam
1308 3135 1401 3183 con-

200 3217 314 3306 tingat
342 3213 490 3284 alienari
522 3213 556 3303 ⁸)
586 3217 840 3309 oppignorari,
867 3217 928 3287 vel
958 3215 1222 3309 quibuscunque
1250 3215 1402 3306 illegiti-

164 3331 165 3334 ’
202 3319 267 3386 mis
287 3313 455 3386 oneribus
473 3320 618 3406 gravari
648 3315 708 3404 ¹¹),
735 3319 862 3386 iterum
892 3311 929 3389 v'i
955 3339 1140 3411 supremae
1160 3317 1400 3410 Inspectionis

200 3415 306 3509 plena
326 3437 403 3489 cum
420 3424 598 3509 potestate
617 3417 751 3487 Terrae
769 3418 922 3512 Principi
940 3413 1119 3514 competit,
1137 3423 1206 3491 imo
1225 3419 1396 3510 religiosa

200 3514 367 3587 incumbit
386 3515 567 3609 obligatio.
594 3512 803 3592 Extenditur
820 3541 910 3592 vero
930 3519 972 3592 ad
990 3524 1147 3616 privatas
1174 3524 1280 3592 etiam
1296 3518 1397 3591 Fun·-

230 3731 259 3799 Ἰ)
281 3730 364 3783 (lonc.
382 3730 473 3796 flung.
492 3733 523 3785 11.
542 3733 576 3784 11.
594 3747 619 3799 p.
637 3735 698 3788 291.
850 3778 856 3789 .

178 3899 185 3912 .
230 3817 261 3966 13
278 3816 485 3956 mogoduq.
502 3818 580 3872 conl.
597 3819 625 3872 lo
643 3823 740 3889 Regno
758 3825 851 3889 flung.
870 3823 902 3876 1¹.
920 3825 941 3874 l.
960 3838 986 3890 p.
1004 3823 1066 3877 880.

230 3988 260 4123 di
279 3990 357 4112 iiii
375 3988 418 4110 33.
443 4083 478 4094 -
496 4057 575 4110 roeo.
594 4057 637 4108 17.
662 4056 914 4118 -11111111
934 4090 969 4102 -
995 4063 1071 4114 1111.
1090 4061 1133 4115 ol.
1162 4090 1195 4101 -
1216 4059 1294 4113 mae.
1316 4058 1347 4110 aa
1367 4062 1397 4108 ac

280 4130 350 4180 uliae
369 4127 549 4189 recentiores.
626 4153 629 4160 ·

231 4214 260 4279 s)
279 4215 331 4266 cit.
357 4215 435 4268 1773.
456 4214 498 4267 70.
517 4215 588 4268 cool.
606 4229 668 4268 oum
686 4216 764 4272 17111.
784 4214 829 4270 tl.

212 4301 258 4366 a)
278 4299 356 4355 11111.
376 4303 418 4354 te.

108 4465 110 4472 Ι
231 4385 258 4454 ¹¹)
278 4386 355 4442 conr.
374 4388 452 4445 1729.
469 4389 514 4446 tt.
