3094 4868
207 237 284 314 220

212 405 410 480 sustineant
440 405 494 496 ¹),
511 401 581 473 hoc
598 401 678 497 ipso
704 399 931 497 Magistratus
948 401 1106 496 reliquus
1125 400 1259 474 eisdem
1275 423 1424 498 parere

209 519 383 582 teneatur.
412 507 651 598 Quaecunque
670 508 778 598 igitur
802 508 980 576 eratione
998 504 1167 599 praesidii
1185 505 1420 598 vigilantiae,

209 621 245 684 et
263 611 497 706 inspectionis
517 607 723 702 Supremam
739 605 912 678 Comitem
931 609 1092 693 attinent,
1121 627 1164 676 ea
1184 609 1312 694 omnia,
1332 609 1417 676 isto

211 711 444 786 eComitatus
471 713 607 802 gremio
637 710 785 782 ahsente
821 719 881 782 aut
908 709 1098 800 impedito,
1126 708 1187 780 vel
1214 707 1283 780 line
1301 707 1418 778 cele-

163 845 171 854 ·
210 818 317 890 rioris
336 813 482 884 effectus
500 833 675 906 persaepe
696 821 887 905 praesente
914 814 1043 898 etiam,
1071 809 1315 882 Viee-Comes
1333 813 1417 880 im-

211 916 364 988 mediate
392 919 589 1008 exequitur.
619 913 780 984 —Sunt
807 913 977 1006 quaedam
1005 923 1195 1006 praeterea
1218 912 1413 1007 perleges

210 1017 295 1090 huic
313 1016 437 1090 Officio
456 1019 640 1109 speciatim
658 1015 793 1102 delata,
820 1018 871 1085 nti
896 1022 952 1084 est
975 1014 1229 1102 reambulatio,
1257 1036 1322 1086 seu
1338 1036 1414 1083 re-
1524 1041 1525 1100 t

210 1123 304 1193 visio
323 1129 492 1190 metarum
522 1114 577 1206 b),
604 1120 781 1190 restitutio
807 1119 842 1187 in
861 1121 1128 1210 possessorium
1155 1128 1236 1189 actu
1253 1116 1412 1210 quodam
1524 1197 1525 1202 q

211 1221 372 1294 violento
403 1223 599 1310 ejectorum
630 1217 682 1318 Ἰ,
719 1218 897 1312 multaque
926 1219 1016 1305 alia,
1053 1241 1144 1312 quae
1179 1221 1306 1312 partim
1333 1216 1410 1288 fine
1524 1219 1525 1248 ³

212 1323 449 1396 conservandi
488 1321 646 1409 ordinis,
684 1322 1014 1415 tranquillitatisque
1051 1321 1167 1392 eidem
1199 1328 1410 1392 constanter

210 1425 424 1512 adhaerent,
452 1427 580 1517 partim
608 1445 656 1494 ex
684 1424 878 1496 occasione
907 1427 985 1495 sive
1004 1423 1148 1515 legum,
1178 1443 1243 1494 sen
1271 1442 1409 1515 supre-

207 1548 308 1614 mae,
336 1530 604 1619 superiorisque
632 1529 821 1619 potestatis
858 1524 1080 1596 ordinatione
1109 1527 1243 1596 comitti
1272 1524 1405 1595 solent.
1524 1585 1525 1590 ,

206 1628 369 1722 Amplam
388 1627 539 1720 denique
558 1625 849 1700 Vico-Comitum
877 1629 913 1697 in
930 1625 1160 1698 iudicialibus
1187 1629 1407 1698 activitatem

207 1728 272 1802 lus
300 1727 474 1822 privatum
497 1737 676 1800 recenset.
704 1768 756 1780 —
784 1728 1019 1821 Negotiorum
1045 1731 1139 1800 inter
1168 1725 1406 1816 Ordinarium,
1524 1799 1525 1802 ,

207 1840 243 1904 et
261 1829 493 1904 substitutum
510 1829 784 1902 Viae-Comites
812 1832 1039 1924 partitionem
1067 1853 1153 1904 usus
1181 1839 1347 1924 receptus
1366 1831 1407 1902 in

208 1932 356 2028 singulis
376 1931 605 2006 comitatibus
623 1931 754 2006 delinit.

734 2159 769 2250 §.
800 2163 884 2234 701.

539 2334 673 2425 Officia
690 2332 836 2408 Iudicia
853 2337 896 2410 N
896 2331 1059 2408 obiiciant.

231 2539 236 2548 ·
274 2507 277 2514 '
304 2503 427 2578 Utrum
456 2505 492 2578 in
516 2501 697 2580 ludicihus
727 2505 947 2600 Megalihus,
975 2529 996 2576 a
1024 2503 1130 2598 Mega
1158 2501 1328 2596 (Megye)
1351 2503 1408 2574 sic

205 2607 447 2704 compellatis,
475 2611 534 2702 qui
563 2606 674 2700 Regi,
703 2609 915 2682 Comitatum
941 2611 1121 2696 visitanti,
1150 2602 1402 2696 adjungeban-

205 2721 283 2799 tur,
320 2719 355 2781 et
388 2709 631 2783 dissensiones
671 2713 794 2806 populi
829 2710 983 2782 discreto
1016 2709 1151 2800 judicio
1189 2705 1403 2777 dirimendas

205 2811 418 2898 habuerant,
445 2831 532 2880 vera
553 2813 691 2880 sint-
708 2823 746 2881 ut
773 2812 978 2906 quibusdam
995 2810 1113 2909 placet
1134 2849 1186 2861 -
1203 2807 1402 2880 hodierno-

206 2933 282 2983 rum
300 2909 460 2980 Judieum
479 2909 654 2982 Nobilium
675 2912 846 3003 exordia,
876 2912 933 2985 alii
952 2915 1139 2986 discutiant
1156 2907 1206 3003 ⁴⁵).
1235 2909 1309 2980 Hac
1326 2929 1398 3003 po-

204 3013 347 3087 steriori
367 3011 430 3084 sub
461 3011 747 3088 denominatione
771 3018 844 3108 jam
870 3015 1034 3088 Decretis
1061 3011 1296 3106 Sigismundi,
1324 3011 1399 3081 lm·

206 3113 329 3204 dislai,
357 3113 509 3187 Mathiae
529 3110 554 3185 Ι.
575 3115 743 3190 Uladislai
762 3119 805 3189 ll.
827 3117 1048 3211 frequentius
1070 3123 1295 3210 comparent;
1316 3114 1400 3206 qui-

202 3217 267 3291 bus
288 3217 425 3289 scilicet
451 3226 616 3306 cavetur,
644 3221 744 3291 utin
771 3219 866 3292 aditu
895 3220 1002 3291 ollicii
1026 3220 1259 3308 juramentum
1287 3235 1400 3310 prae-

205 3329 300 3392 stent
330 3315 387 3408 ⁶);
415 3329 522 3413 utque
550 3322 585 3388 in
611 3322 759 3413 singulis
780 3318 1010 3392 (lumitatibus
1030 3343 1050 3390 c
1068 3319 1159 3389 hene
1186 3319 1400 3410 possessio-

203 3421 295 3492 natis
315 3419 512 3513 eligantur,
537 3419 672 3510 judicio
691 3425 727 3492 in
746 3421 880 3493 actibus
911 3422 1133 3518 potentiariis
1154 3418 1286 3513 absque
1306 3418 1400 3488 dila-

202 3523 300 3594 tione
320 3519 468 3594 lerendo
488 3524 652 3594 intersint
685 3525 737 3614 ⁶),
766 3525 903 3620 aliaque
922 3533 960 3596 ut
976 3524 1162 3618 plurimum
1181 3521 1225 3592 ad
1238 3521 1399 3614 justitiae

204 3623 541 3697 administrationem
558 3627 784 3720 pertinentia.

246 3767 285 3850 a)
308 3767 428 3829 Bilotos
452 3770 518 3832 sive
549 3771 742 3834 Bilocho's
766 3773 930 3855 regales
961 3773 993 3836 in
1017 3767 1160 3853 'antiquis
1183 3768 1399 3834 'monumentis

290 3861 506 3932 continuantes,
530 3857 582 3935 qui
606 3858 761 3921 luctarum
786 3868 923 3938 tantum,
954 3868 984 3922 et
1013 3859 1248 3923 latrociniorum
1271 3857 1400 3919 discas-

197 3991 396 4008 μ-Ι--ι-

232 4049 403 4117 2mmn

229 4138 629 4202 mmmm-mmm

232 4225 610 4292 mmm-mm.

230 4309 256 4372 d)
277 4311 355 4366 tito.
376 4313 401 4366 1.
419 4343 453 4353 —
472 4312 549 4368 1486.
568 4315 610 4370 73.
630 4344 664 4356 -
683 4313 760 4368 1492.
779 4317 821 4369 33.
894 4350 896 4355 ·

231 4396 255 4462 ⁸)
275 4393 353 4451 titt.
374 4397 415 4450 1t.
880 4405 894 4424 ”
