3138 4858
277 342 416 431 injuriae
450 347 536 410 amni
564 354 703 428 tempore
726 353 860 424 erectae,
894 365 930 410 ac
952 363 1070 428 poenae
1098 354 1266 429 eapropter
1289 346 1395 410 dellu-

279 435 446 514 quentibus
483 433 661 513 irrogatae,
704 434 797 497 verbo
831 433 1053 496 archiviorum
1088 433 1241 498 tabularia
1273 434 1395 497 abunde

278 519 442 595 refellunt,
473 521 563 598 quin,
593 520 622 580 si
652 519 734 580 ratio
765 520 940 600 praesentis
964 519 1210 595 lucubrationis,
1233 530 1263 584 51
1285 519 1395 583 brevi-

279 605 355 666 tatis
387 624 461 665 cura
491 605 521 665 id
546 606 759 682 admitterent,
793 607 847 667 vix
870 607 1001 667 arduum
1035 606 1111 667 111111
1141 606 1223 668 10151
1253 610 1291 669 ad
1315 625 1395 668 ocu-

279 689 342 750 lum
370 690 528 768 evincere,
549 691 787 768 Ruricolarum,
816 691 1066 771 colonorumque
1095 700 1210 753 sortem
1240 693 1272 754 in
1298 691 1395 754 Hun-

279 775 368 858 garia
383 777 498 840 dudum
516 776 613 842 multo
629 779 731 859 prius,
743 797 833 858 quam
850 777 943 855 alibi,
965 777 1124 840 exstitisse
1142 776 1394 843 tolerabiliorem.

721 911 758 996 §-
788 887 872 984 sm.

585 1036 857 1112 Faccrode'le'cr
883 1043 1007 1111 ecoer'e.

295 1163 465 1258 Alioquin
494 1162 619 1259 spiritu
643 1160 767 1234 sedato
803 1167 861 1258 qui
886 1161 977 1235 hanc
1006 1159 1214 1237 colonorum
1245 1171 1397 1241 nostro·
1471 1215 1474 1222 -

194 1287 272 1338 rum
303 1264 540 1338 conditionem
570 1266 821 1361 perpenderit,
849 1265 955 1337 facile
982 1265 1160 1355 admittet,
1187 1267 1270 1342 illos
1297 1270 1398 1342 velut

193 1369 355 1443 homiues
375 1367 522 1456 liberos,
553 1391 596 1439 ac
612 1373 691 1441 veri
708 1373 861 1442 nominis
877 1369 1016 1442 Patriae
1036 1368 1128 1444 lilios
1147 1366 1259 1444 fuisse
1276 1372 1394 1464 legum

194 1471 386 1565 praesidio,
415 1481 520 1566 atquc
553 1470 694 1566 Imperii
714 1471 903 1563 Maiestate
933 1470 1114 1545 defensos,
1140 1472 1185 1543 Et
1213 1473 1248 1542 id
1264 1475 1395 1562 justis·-

195 1575 283 1645 sime
312 1572 490 1666 proiecto,
510 1595 603 1662 nam,
630 1582 669 1643 ut
689 1572 755 1643 alia
772 1575 879 1644 modo
901 1595 973 1644 nou
998 1593 1284 1661 commemorem,
1305 1595 1396 1666 quae

194 1673 236 1744 ab
267 1675 451 1744 utilissima
479 1671 546 1742 hac
571 1673 765 1743 incolarum
792 1672 908 1746 classe
935 1674 972 1743 11
997 1672 1261 1766 Rempublicam
1292 1696 1396 1745 com-

193 1772 297 1847 moda
318 1771 527 1859 redundant,
552 1771 611 1842 illa
636 1776 714 1869 ipsa
734 1782 822 1861 erat,
851 1794 941 1867 quae
960 1795 1086 1866 magna
1105 1777 1141 1845 in
1157 1775 1393 1870 051101110-

192 1897 258 1950 nes
277 1875 422 1946 militiae
445 1873 640 1966 regulatae,
671 1875 814 1948 Tribola
838 1897 905 1971 pro
938 1874 1143 1971 stipendiis,
1170 1896 1296 1948 cassae
1324 1875 1394 1948 do·-
1421 1938 1424 1943 .

193 1981 362 2050 mesticae
390 1998 552 2067 nervum,
571 1979 756 2050 structuris
789 1979 937 2073 publicis
967 1999 1112 2068 manus,
1143 1986 1395 2074 vecturasque,

195 2090 231 2152 et
261 2101 370 2176 saepe
398 2084 570 2174 gratuitas
599 2078 895 2153 subministrabat.
918 2165 921 2171 ¹
948 2079 1076 2174 Magna
1104 2083 1140 2153 in
1171 2090 1273 2175 parte
1300 2081 1393 2152 dixi:

195 2187 378 2258 enimvero
410 2184 454 2255 ad
490 2181 628 2277 publica
663 2181 752 2253 haec
787 2205 897 2254 onera
931 2205 1003 2254 101
1038 2181 1144 2253 modo
1180 2183 1396 2276 privilegiati

195 2289 300 2358 ctiam
319 2285 521 2373 Districtus,
541 2283 724 2373 Civitates,
746 2284 957 2378 oppidaque,
984 2305 1030 2354 15
1049 2281 1235 2356 Nobilibus
1256 2283 1396 2376 quidem

194 2390 230 2458 in
247 2387 301 2458 his
320 2383 636 2472 communitatibus,
663 2385 772 2454 realia
793 2384 964 2453 beneficia
981 2382 1192 2472 tenentibus,
1220 2389 1394 2478 exceptis,

194 2492 272 2584 pari
291 2489 443 2573 ratione,
470 2504 594 2559 verum
624 2487 727 2554 etiam
757 2493 999 2573 mercatores,
1029 2493 1258 2578 quaestores,
1287 2483 1394 2580 opili-

198 2611 272 2678 ces,
299 2587 477 2682 ignobiles
496 2585 636 2657 tandem
657 2584 892 2658 nobilitarium
909 2586 1152 2675 Praediorum,
1179 2587 1394 2660 Possessio-

194 2712 277 2762 num
307 2688 500 2777 curialium,
527 2686 588 2760 vel
615 2686 866 2760 beneficiorum
888 2689 1083 2778 locatores,
1111 2686 1204 2758 haud
1230 2697 1395 2762 contem-

194 2788 310 2863 nenda
341 2796 476 2883 quotta,
505 2799 541 2860 51
560 2810 671 2882 aequa
690 2792 725 2861 iu
752 2795 986 2884 proportione
1017 2789 1287 2880 concurrebant,
1313 2812 1395 2863 me-

196 2892 288 2964 diate
308 2892 378 2986 ipsi
397 2890 559 2963 locorum
572 2889 829 2985 populosorum
849 2901 1040 2964 terrestres
1050 2891 1204 2981 Domini,
1232 2893 1257 2963 ii
1276 2895 1394 2980 etiam,

196 3013 345 3088 quorum
375 2991 514 3066 colonis
537 3014 651 3065 vacua
680 2997 882 3081 territoria,
911 3015 1001 3087 quae
1032 2992 1177 3088 praedia
1211 3013 1395 3082 vocamus,

102 3186 106 3192 1
195 3095 347 3191 indeque
377 3097 465 3166 citra
502 3093 608 3166 ullam
644 3097 905 3168 restrictionem
934 3117 1019 3168 suos
1049 3098 1085 3166 in
1108 3096 1242 3166 reditus
1270 3104 1395 3167 usuata

195 3198 324 3270 incolis
353 3217 463 3291 saepe
497 3197 687 3290 loginqua,
734 3218 777 3267 ac
801 3197 1012 3270 notabilibus
1048 3195 1230 3268 beneficiis
1259 3196 1396 3269 allectis

194 3300 309 3389 ultro,
345 3299 581 3391 volentesque
609 3295 825 3391 percolenda
854 3297 1092 3387 tradiderunt,
1118 3299 1222 3392 idque
1255 3299 1397 3368 nonnisi

196 3422 283 3492 erga
315 3399 551 3474 obventiones
585 3399 667 3492 lege
695 3398 881 3487 limitatas,
919 3422 1005 3494 quas
1042 3400 1207 3492 largienti
1243 3397 1394 3466 Domino

195 3505 367 3591 minuere,
392 3523 612 3597 nequaquam
648 3508 764 3573 autem
791 3523 923 3596 augere
959 3502 1106 3574 liberum
1141 3498 1286 3584 mansit,
1323 3519 1395 3570 non

196 3605 300 3676 aliam
323 3613 421 3676 05115
437 3607 570 3693 Justam
591 3601 636 3676 ob
656 3625 809 3692 causam,
838 3625 941 3697 quam
960 3601 1054 3696 quod
1079 3597 1145 3668 hae
1175 3594 1395 3691 publicorum

198 3727 345 3778 onerum
372 3709 513 3799 species
533 3706 672 3778 colonis
700 3704 935 3799 perferendae
963 3697 1217 3784 incumberent,
1247 3719 1395 3791 quorum

195 3806 345 3904 proinde
367 3828 514 3879 onerum
534 3815 670 3902 partem
695 3807 762 3879 hac
781 3809 835 3877 151
861 3827 947 3878 suae
977 3800 1202 3876 restrictione
1223 3797 1394 3874 Dominus

196 3910 349 3984 mediato
370 3909 511 3984 indubie
532 3906 680 3982 ferebat.

719 4058 755 4145 §.
785 4055 870 4129 315.

457 4187 516 4258 De
545 4186 721 4258 oneribus
747 4179 994 4258 Nobr'lr'totem
1020 4186 1142 4245 autea.

298 4310 394 4383 Vera
412 4307 468 4381 cui
483 4311 609 4404 magis,
638 4331 740 4405 quam
756 4304 934 4404 placentia
956 4298 1131 4395 amplecti,
1160 4305 1215 4370 est
1247 4297 1394 4388 animus,
