3124 4868
667 455 704 542 ς.
734 457 820 529 582.

450 606 575 698 Usque
591 603 785 698 Leopoldz'
799 605 848 676 II.
870 618 1052 696 temporo.

252 753 369 848 Atque
388 751 477 824 haec
494 773 607 848 usqne
627 754 670 824 ad
695 761 854 848 tempora
872 750 1044 847 Leopoldi
1074 750 1141 840 11.;
1170 761 1240 823 tum
1259 755 1348 826 vero

148 851 271 929 Status
291 855 327 924 in
346 850 503 928 Comitiis
523 855 710 929 coadunati
732 854 877 926 decerni
894 851 1120 950 postulabant
1142 849 1349 949 impensius,
1404 920 1410 928 .

149 965 190 1029 ut
208 956 291 1029 salis
304 959 454 1051 pretium
472 959 614 1030 nonnisi
628 979 675 1030 ex
693 978 817 1029 eorum
836 976 987 1028 assensn
1005 957 1040 1028 in
1060 956 1221 1050 generali
1233 957 1349 1051 Regni

25 1081 27 1084 ·
150 1055 339 1131 Conventu
368 1063 491 1152 augeri
519 1069 647 1155 queat3
685 1067 893 1153 argumento
926 1065 1068 1130 caetera
1097 1060 1191 1131 inter
1218 1060 1352 1158 potiori

146 1170 310 1234 utentes:
340 1161 435 1258 quod
468 1183 545 1234 cnm
574 1161 656 1236 Sale
680 1164 744 1234 vix
771 1161 863 1234 ullus
884 1180 1029 1233 carere:
1069 1159 1210 1235 aliunde
1248 1184 1351 1254 vcro,

149 1287 252 1361 quam
285 1263 328 1335 ab
356 1267 495 1338 aerario
524 1264 592 1337 hoc
611 1266 808 1360 comparari
836 1285 908 1337 non
924 1262 1063 1359 possit,
1092 1267 1228 1358 regium
1246 1267 1353 1338 istum

148 1377 393 1465 proventum,
420 1369 489 1440 nisi
510 1365 604 1440 obex
622 1388 686 1463 per
704 1366 822 1460 legem
848 1376 1023 1462 ponatur,
1051 1369 1089 1439 in
1107 1376 1235 1440 tectam
1254 1368 1354 1442 arhi-

148 1473 295 1543 trariam
330 1467 632 1543 contributionem
659 1469 764 1540 facile
794 1469 986 1556 abiturum3
1023 1490 1126 1562 qnam
1157 1469 1353 1544 decernere

151 1577 204 1648 sie
221 1595 347 1670 pnrca
380 1573 492 1667 Regis
520 1571 739 1668 dependeret
757 1572 901 1644 arbitrio
933 1568 971 1670 ⁸).
1013 1569 1183 1644 Goalitum
1214 1575 1354 1646 tandem

152 1685 208 1749 est
226 1685 308 1770 post
325 1677 473 1748 iteratos
491 1677 676 1768 longiores
696 1682 865 1746 tractatus
877 1676 913 1745 in
932 1678 1095 1766 sequenti
1114 1677 1262 1747 articulo
1294 1675 1349 1766 bJ:

154 1777 281 1872 „Quod
310 1777 381 1852 Sua
409 1779 580 1868 Majcstas
609 1777 854 1855 sacratissima
874 1787 912 1850 ut
939 1779 1110 1868 gratiam,
1138 1787 1174 1848 et
1193 1778 1354 1851 clemen·

154 1884 281 1973 ,tiam,
311 1903 378 1974 qua
397 1891 539 1972 gentem
556 1880 749 1973 hungaram
769 1879 1024 1974 complectitur,
1065 1877 1209 1951 uberius
1238 1889 1355 1951 testa-

155 1992 249 2076 „tam
277 1981 423 2070 reddat,
452 1981 645 2053 clementer
673 2001 829 2050 annuere
858 1979 999 2072 dignata
1027 1981 1093 2070 sit,
1122 1982 1208 2052 citra
1237 1993 1354 2056 tamen

157 2083 402 2178 „inferendum
420 2103 485 2176 per
510 2081 545 2153 id
567 2082 750 2154 Altissimc
773 2081 848 2152 Jnri
868 2102 932 2152 suo
950 2079 1066 2172 regali
1083 2083 1353 2176 praejudicium,

155 2196 217 2280 „ut
235 2184 278 2256 de
298 2186 500 2258 elevatione
530 2186 636 2282 pretii
654 2183 738 2256 salis
758 2206 837 2256 enm
856 2180 1015 2254 fidelibus
1043 2181 1200 2257 statibus
1221 2197 1256 2258 et
1276 2186 1349 2258 Or-

155 2287 317 2382 „dinibns
338 2287 536 2360 diaetaliter
555 2286 836 2381 congregandis,
863 2291 1056 2373 tractetur,
1092 2308 1179 2358 nec
1205 2289 1349 2378 alias,

157 2391 275 2483 „nisi
302 2398 518 2464 extreme
544 2397 780 2485 urgentes
807 2391 1351 2463 circumstantiaeatiud

157 2496 390 2588 „exigerent,
418 2495 569 2592 pretium
586 2493 678 2570 Salis
707 2500 809 2568 extra
828 2489 976 2568 Comitia
1005 2487 1122 2588 Regni
1140 2493 1347 2588 angeatur.“

649 2697 716 2791 λς.
745 2698 831 2772 583.

490 2852 674 2925 Rationes
701 2855 740 2924 in
769 2853 1016 2924 contrarium.

261 3019 505 3094 Elevationem
539 3024 644 3116 pretii
679 3022 782 3111 hujus
818 3031 899 3094 ante
939 3024 1044 3092 etiam
1083 3042 1210 3092 annum
1244 3017 1355 3090 seculi

160 3126 290 3222 prioris
308 3124 573 3215 nonagesimum
591 3144 731 3218 semper
755 3122 800 3192 ed
817 3122 956 3212 objecta
976 3120 1137 3192 diaetalia
1159 3129 1357 3215 spectasse,

161 3231 198 3299 in
230 3225 467 3320 compluribus
494 3225 610 3319 Regni
648 3223 891 3298 conventibus
920 3219 1177 3310 sustinebatur,
1214 3222 1358 3294 motivis

163 3338 234 3400 tarn
261 3349 308 3399 ex
325 3326 445 3400 indole
462 3338 658 3421 proventus
685 3328 801 3419 hujus,
829 3325 992 3420 quaneh
1013 3323 1185 3418 exemplis
1211 3331 1360 3418 praete-

162 3434 309 3504 ritorum
354 3429 555 3502 seculorum
590 3434 721 3526 petitis.
783 3429 951 3501 Naturam
979 3429 1108 3522 qnippe
1136 3425 1308 3497 honorum
1340 3445 1361 3494 a

164 3556 297 3607 corona
315 3530 653 3622 inahalienabilium,
681 3534 749 3606 etsi
768 3532 828 3604 illa
848 3530 959 3602 solius
977 3530 1087 3622 Regis
1116 3527 1243 3598 cedant
1270 3527 1362 3613 usui,

164 3658 286 3712 secum
304 3635 400 3710 ferre
428 3633 558 3725 dieunt,
584 3643 622 3706 ut
641 3632 684 3706 de
710 3633 813 3706 modo
833 3655 911 3705 cnm
937 3632 1062 3706 iisdem
1081 3627 1308 3723 dispensandi
1326 3629 1362 3699 in

165 3737 322 3816 comitiis
342 3759 482 3833 semper
507 3744 686 3810 tractetur.
715 3735 805 3809 Hine
825 3732 1009 3809 Wladislai
1026 3733 1181 3806 Decreto
1214 3738 1243 3814 ⁸)
1269 3752 1361 3802 con-

47 3931 49 3934 ·
164 3845 280 3930 stitui:
310 3839 380 3934 ,Ut
397 3840 477 3912 Rex
494 3841 644 3936 antiquis
659 3841 765 3932 justis
785 3836 985 3929 ordinariis,
1013 3845 1049 3910 et
1067 3835 1251 3909 consuetis
1270 3853 1362 3928 pro-

167 3944 354 4034 „ventibus
373 3950 560 4018 contentus
580 3941 648 4016 sit“
668 3965 786 4037 neque
805 3943 871 4016 hos
889 3945 926 4014 in
944 3941 1049 4030 alios,
1077 3959 1179 4034 qnam
1208 3938 1245 4008 in
1273 3933 1363 4011 fines

166 4042 329 4118 Coronae
355 4045 570 4140 hungaricae
599 4048 790 4121 attinentes
810 4047 972 4123 converti
999 4062 1131 4144 posse,
1157 4037 1274 4137 legale
1287 4037 1362 4114 de·
1493 4077 1496 4080 ·

181 4215 375 4232 5-—

196 4252 756 4348 ommmmm'

196 4370 223 4428 u
245 4371 322 4425 nor.
340 4373 382 4426 ao.

198 4458 226 4527 ο)
245 4455 324 4514 ntea.
342 4461 366 4513 ι.
