3122 4852
207 203 280 284 160

207 385 392 474 repertas,
420 367 626 471 quamquem
653 369 737 444 illae
764 387 905 464 quoqne
934 371 1027 466 Regi
1045 366 1223 442 obnoxiae
1249 365 1331 453 sint,
1359 382 1403 434 ca

205 491 322 552 tamen
339 483 480 551 ratione
507 475 676 550 excolere
701 476 876 565 integrum
905 484 961 550 est
991 475 1043 564 ·);
1071 483 1108 546 ut
1136 477 1270 542 certum
1288 487 1403 538 oano-

205 605 286 654 nem
322 578 481 652 Urburae
510 582 651 652 nomine
691 573 892 669 dependere
930 576 1216 669 obstringautur,
1256 573 1314 666 qui
1340 565 1404 640 vel

206 682 323 755 habita
352 680 527 776 condigna
554 681 665 776 ipsius
694 680 851 751 minerae
881 678 1119 766 excolendae,
1147 697 1215 748 nec
1238 695 1311 745 non
1330 691 1401 742 ex-

206 803 418 880 pensarum,
445 782 717 879 fatigiorumque
745 780 883 855 ratione
910 779 1090 874 deligitur:
1118 777 1179 853 vel
1204 777 1241 848 in
1268 773 1402 846 decima

205 869 442 981 proventuum
468 896 569 984 parte
598 881 779 971 subsistit,
801 885 900 957 unde
919 882 1129 980 quandoque
1158 888 1194 952 et
1213 877 1264 950 de
1277 877 1319 950 ci
1332 896 1400 946 ma

207 986 311 1059 audit.

725 1189 761 1275 b·
792 1193 876 1266 592.

554 1377 558 1384 ·
653 1341 780 1416 Omnia
795 1346 957 1434 generat.

309 1485 391 1557 Non
420 1488 534 1560 minus
562 1485 677 1581 regali
703 1487 785 1561 huic
811 1488 887 1561 Juri
911 1510 959 1559 ex
986 1507 1095 1560 sensa
1111 1486 1229 1577 legum
1255 1490 1402 1556 nostra-

207 1609 283 1660 rum
312 1587 347 1676 ¹⁵)
367 1585 514 1660 subsunt
541 1586 820 1663 Metallifodinae
852 1593 1009 1683 cujusvis
1038 1591 1204 1684 generis,
1241 1585 1401 1679 adeoque

209 1691 313 1759 etiam
332 1693 495 1782 cupri,
524 1699 583 1760 aut
601 1691 799 1784 plumbi,
828 1703 863 1764 et
881 1714 972 1789 quae
998 1693 1228 1765 communiter
1253 1709 1317 1785 pro
1337 1709 1402 1760 se-

207 1787 404 1862 mimetallis
445 1788 692 1883 designantur,
738 1800 932 1887 argenti
969 1797 1098 1885 vivi,
1136 1791 1400 1874 antimonii,

150 1890 169 1944 -’
208 1890 476 1986 sulphuris,
505 1901 819 1992 caeterarumque3
854 1897 956 1971 Sales
984 1895 1052 1968 huc
1075 1919 1148 1968 non
1174 1893 1303 1966 referri
1323 1889 1402 1962 alibi

208 1995 376 2066 dixeram.
404 1992 600 2067 -·Nolim
625 2007 765 2088 tamen,
794 2001 889 2094 quod
917 2001 1091 2073 adversus
1117 2007 1275 2093 apertum
1302 2013 1402 2065 usum

206 2095 365 2168 nonnulli
390 2133 443 2148 -
464 2096 598 2186 judicio
624 2123 704 2174 meo
730 2104 902 2175 -nimis
943 2100 1137 2175 liberaliter
1164 2098 1285 2171 facere
1312 2116 1403 2168 coo-

206 2208 351 2294 perant,
367 2197 507 2271 fossilia
525 2221 680 2295 quoque,
706 2213 742 2275 et
761 2203 1003 2292 subterranea,
1023 2207 1059 2275 in
1078 2200 1261 2296 exemplo:
1283 2196 1404 2272 schi-

208 2310 350 2389 stum,
399 2301 735 2394 lyrantraoes,
784 2317 948 2378 cretas
988 2303 1193 2375 fossiles
1232 2297 1403 2390 (biarga)

207 2399 312 2473 Flsco
345 2399 534 2490 addicere,
572 2405 641 2476 nisi
671 2406 806 2494 eidem,
843 2405 941 2480 velut
971 2405 1015 2477 de
1050 2405 1169 2494 nitro,
1204 2401 1404 2495 exindeque

209 2500 430 2576 conficiendo
449 2501 598 2599 pulvere
624 2507 728 2604 pprio
756 2519 854 2581 certa
873 2505 1099 2582 observantia
1129 2515 1253 2601 aperte
1271 2503 1404 2578 faveat.
1479 2506 1483 2512 ’

724 2711 759 2796 §.
789 2712 875 2786 593.

413 2872 609 2964 Speccbla'a
627 2876 743 2965 Repo
760 2876 858 2946 Jura
874 2876 947 2947 buc
956 2879 1199 2967 pertinentes.

311 3040 488 3115 Hactenus
520 3041 563 3114 de
592 3042 723 3117 fodinis
751 3047 990 3141 privatorum,
1018 3053 1264 3141 proventuque
1294 3040 1406 3133 regali

212 3142 338 3216 abinde
357 3157 597 3240 promanante.
626 3147 799 3233 Quantum
828 3147 872 3219 ad
889 3151 1093 3220 universam
1106 3167 1185 3242 *rem
1202 3143 1406 3215 mineralem

207 3248 280 3338 jam
301 3251 435 3337 attinet,
463 3251 499 3318 in
517 3249 621 3319 istam
639 3248 759 3341 Reges
778 3247 995 3340 Hungariae,
1014 3249 1092 3337 jure
1112 3245 1175 3319 sibi
1195 3249 1299 3318 unice
1318 3265 1407 3340 pro-

210 3352 312 3444 prio,
340 3369 539 3443 supremam
555 3351 813 3444 inspectionem
832 3349 1017 3436 adhibent;
1041 3347 1282 3420 ordinationes
1302 3345 1408 3417 edunt

210 3448 428 3538 metallicas3
455 3469 601 3546 remque
620 3461 821 3525 montanam
838 3451 1033 3539 mandatis,
1060 3450 1198 3543 legibus
1227 3449 1406 3545 positivis,

212 3562 248 3624 et
267 3551 534 3641 consuetudini,
561 3555 633 3627 vim
649 3576 770 3649 parem
788 3551 949 3641 habenti,
970 3574 1042 3625 non
1061 3552 1221 3626 adversis
1241 3551 1403 3643 dirigunt.
1472 3605 1475 3609 .

211 3651 340 3725 Harum
364 3655 400 3726 in
428 3653 677 3728 conformitate
705 3655 863 3744 Officiis,
899 3655 1116 3748 ludiciisque
1141 3654 1339 3739 montanis,
1367 3647 1407 3718 ab

213 3755 407 3827 eorundem
448 3755 638 3829 collatione
672 3755 930 3852 pendentibus,
957 3756 1087 3829 limites
1118 3754 1308 3840 definiunt3
1345 3750 1408 3820 lus

215 3857 468 3953 praeemtionis
484 3851 583 3947 auri,
612 3868 648 3928 et
666 3860 804 3950 argenti
823 3868 1016 3947 exercent,
1037 3859 1193 3929 cultores
1212 3850 1408 3926 fodinarum

212 3959 413 4050 Privilegiis
444 3970 637 4031 exornant:
667 3981 850 4053 quaequae
880 3970 961 4032 sunt
988 3961 1074 4045 alia,
1104 3957 1148 4028 ad
1172 3977 1249 4026 rem
1267 3964 1410 4027 monta-

94 4091 98 4099 ·
213 4081 293 4133 narn
319 4060 620 4156 promovendam,
650 4061 883 4155 tuendamque
911 4061 1146 4159 pertinentia,
1181 4062 1408 4131 constituunt.

216 4209 410 4223 *ιι-οι

243 4271 499 4337 ommm

244 4355 636 4420 b>aasa1a--1neaoo
673 4391 677 4405 ·
