3158 4864
791 501 798 516 .
828 447 912 520 224.
1015 439 1017 446 ’

435 577 581 665 Regiae
607 447 806 662 Mojestah·
829 579 980 645 mr'ne'me
1007 571 1215 648 adversum.

340 697 632 791 Adisquisitione
656 697 699 768 de
718 697 905 788 judiciaria
924 696 1071 770 Palatini
1090 697 1271 768 activitata
1284 692 1436 790 quando,

237 812 274 874 et
295 821 503 895 quacunque
527 801 581 871 sui
599 809 701 894 parto
729 803 886 872 exercita
906 803 1047 871 minime
1068 797 1221 886 abludit,
1244 797 1438 891 obligatio-

1569 807 1571 918 l

239 924 320 974 nem
341 902 423 993 lege
439 900 637 990 Albertina,
666 911 737 972 tum
755 903 911 975 tardiore
924 901 1095 974 Uladislai
1119 898 1163 971 11.
1195 902 1226 990 ¹)
1250 898 1439 986 delinitam,
1570 928 1571 960 r

239 1003 492 1090 Judicium,
521 1013 567 1075 et
593 1001 847 1076 iustitiam
875 1027 929 1076 ex
962 1013 1096 1100 parte
1135 1002 1324 1096 Regiae¹
1349 999 1439 1072 hla-

235 1106 433 1195 jestatis
460 1103 766 1197 Regnicolis,
795 1116 837 1177 et
862 1108 1082 1180 vicissim
1110 1102 1333 1201 faciendi,
1354 1111 1439 1174 tan-

237 1210 350 1300 tisper
389 1208 603 1276 examinare.
657 1204 875 1282 Invidiosum
905 1219 962 1280 est
1004 1208 1234 1302 caeteroquin
1265 1203 1439 1278 Grossin-

237 1312 317 1402 geri
346 1307 380 1398 ¹¹)
412 1318 658 1396 commentum,-
688 1309 799 1399 nullo,
827 1309 888 1382 vel
919 1319 1057 1382 remoto
1092 1307 1242 1403 quodam
1274 1305 1438 1400 exemplo

238 1410 514 1505 comprobatum,
542 1409 633 1482 hanc
647 1412 933 1502 jurisdictionem
958 1416 994 1486 in
1015 1412 1131 1484 Patria
1160 1410 1439 1505 quandocunque

237 1511 332 1582 illam
357 1514 482 1584 tulisse
503 1515 847 1608 interpretationem,
875 1517 976 1608 quasi
998 1513 1119 1605 Reges
1142 1509 1438 1586 nostrosJudicio

237 1615 340 1708 primi
363 1612 591 1706 Magistratus
633 1624 728 1686 stare
758 1619 988 1710 oportuisset.
1045 1611 1285 1686 commentum
1311 1649 1363 1664 -
1380 1613 1442 1680 in-

239 1713 507 1810 quam-quod
531 1735 598 1784 nec
620 1714 732 1808 Regis
762 1719 1030 1804 sanctimoniae,
1050 1724 1086 1786 ct
1106 1713 1320 1800 auctoritati,
1349 1705 1447 1804 quae'
1470 1790 1474 1796 g

237 1819 414 1915 neminem
446 1819 667 1911 superiorem
694 1820 730 1888 in
762 1818 889 1912 Regno
917 1820 1070 1911 patitur,
1102 1839 1170 1888 neo
1207 1835 1286 1888 cum
1323 1812 1441 1904 Regni

153 1993 157 1999 ,
240 1921 493 1991 constitutione
513 1940 650 2013 quaqua
674 1918 809 1991 demum
828 1923 967 1995 ratione
987 1920 1170 1991 conciliari
1188 1925 1319 2012 potest.
1340 1911 1439 1986 Con-

239 2032 309 2094 stat
330 2043 418 2094 vero
438 2019 617 2092 Palatinos
636 2020 717 2092 alibi
739 2043 894 2117 quoque,
921 2044 964 2093 ao
981 2022 1189 2116 praeprimis
1213 2017 1305 2113 apud
1324 2016 1440 2088 Fran-

239 2144 316 2212 cos,
340 2123 433 2194 unde
455 2122 703 2218 homonymam
734 2124 938 2218 dignitatem
967 2123 1012 2195 ad
1041 2144 1108 2196 nos
1135 2123 1320 2195 transiisse
1353 2117 1439 2188 alias

224 2224 529 2314 ‘observaveram
556 2226 671 2316 (205)
697 2225 897 2316 decausis,
925 2247 1015 2322 quae
1045 2225 1194 2316 Regiam
1214 2223 1441 2315 Dignitatem,

237 2329 299 2401 vel
327 2326 500 2422 publicam
520 2326 705 2398 utilitatem
726 2327 946 2423 spectabant,
965 2326 1161 2416 judicasse,
1178 2327 1379 2417 missosque
1397 2319 1442 2392 ad

240 2429 397 2522 singulas
420 2428 497 2499 fere
515 2428 670 2518 majores
689 2429 829 2523 Imperii
847 2429 1053 2501 Provincias
1070 2450 1135 2522 pro
1157 2427 1351 2520 designatis
1369 2443 1441 2496 non

239 2533 366 2620 minus,
396 2552 438 2600 ac
456 2533 674 2624 privatorum
692 2529 830 2624 Litigiis
860 2552 1025 2628 supremo
1045 2529 1131 2603 Jure
1158 2533 1265 2604 vice
1292 2527 1440 2619 Regia

240 2631 505 2727 cognoscendis
536 2632 580 2721 ⁸).
611 2631 707 2703 Idem
728 2655 806 2706 mos
826 2635 1015 2705 Antenatis
1034 2635 1181 2722 nostris,
1210 2629 1333 2703 eadem
1359 2628 1441 2699 olim

239 2735 357 2806 iuerat
374 2733 608 2806 consvetudo.
637 2733 726 2806 Nam
746 2737 863 2831 Regni
883 2733 1084 2830 Hungariae
1098 2735 1303 2822 Palatinum,
1323 2735 1442 2826 qui—-

239 2826 424 2912 utiSimon
444 2831 594 2906 dellena
611 2835 729 2928 ajebat
759 2835 954 2934 ⁶)-pro
976 2833 1441 2909 utilitateNohilium
1570 2869 1571 2872 ¹

240 2937 539 3033 praeficitur,
567 2938 669 3032 Rege
690 2941 856 3037 impedito
887 2939 949 3014 sub
974 2941 1098 3012 annuis
1120 2939 1190 3013 illis
1212 2937 1248 3012 S.
1272 2927 1442 3030 Stephani

240 3041 351 3134 Regis
390 3038 585 3130 solenniis,
623 3063 772 3136 quorum
806 3045 971 3133 memini,
1008 3039 1283 3134 Regnicolarum
1315 3055 1439 3110 causas

241 3142 433 3215 audiendas
462 3143 653 3230 habuisse,
681 3143 804 3217 Bullne
826 3168 956 3217 aureae
978 3154 1043 3216 art.
1075 3143 1116 3233 l,
1142 3145 1213 3216 alia
1240 3143 1336 3230 item,
1360 3137 1440 3209 col-

239 3245 432 3319 lectionem
460 3245 645 3318 domestici
668 3246 802 3321 codicis
820 3246 924 3318 ¹haud
951 3252 1137 3340 ingressa,
1158 3245 1378 3318 Documenta
1407 3239 1439 3328 ⁰)

240 3347 369 3420 affatim
396 3346 594 3443 perhibent.

760 3500 796 3586 §.
827 3500 912 3574 225.

376 3629 545 3700 Accessit
563 3605 749 3725 perpetui¹
767 3607 948 3726 Supremo·
974 3625 1129 3698 somate
1155 3619 1299 3718 liunus.

343 3749 441 3820 Ultra
469 3750 756 3844 Praerogativas,
793 3761 862 3825 tam
886 3750 1067 3847 multiplici
1090 3744 1290 3818 auctoritati
1317 3747 1440 3834 suapte

130 3899 131 3902 ,
230 3899 449 3917 a-—-—---

272 3943 298 4009 e)
318 3939 395 3994 1139.
413 3943 438 3993 2.
456 3963 492 3974 -
510 3940 586 4012 1192.
606 3944 649 3999 33.

270 4018 299 4076 b)
319 4017 389 4066 dure
408 4010 485 4066 Publ.
505 4016 570 4082 neg.
588 4015 680 4080 Hung.
700 4017 728 4068 0.
748 4017 773 4070 2.
793 4011 816 4080 1.
834 4015 876 4066 75.
897 4013 922 4064 in
943 4016 1016 4062 nota,

269 4087 296 4154 a)
313 4088 359 4137 Du
379 4087 485 4137 {fresne
501 4087 622 4138 Dissert.
643 4099 704 4138 aux.
721 4084 825 4138 neuen.
845 4095 895 4134 sur
909 4079 1049 4132 l'Hiatoire
1072 4079 1105 4130 de
1126 4079 1155 4130 S.
1175 4075 1268 4128 Louls.
1286 4073 1373 4126 Paris.
1392 4073 1441 4124 An.

319 4157 397 4210 1819.
425 4154 456 4210 Τ.
487 4158 513 4210 3.
537 4172 562 4223 p.
590 4159 650 4210 262.
677 4163 706 4210 ct
724 4171 781 4224 seq.
803 4179 832 4192 -
852 4153 930 4205 Geni.
948 4151 1081 4202 Hotoman
1101 4149 1133 4202 de
1152 4147 1217 4200 ord.
1236 4153 1264 4198 et
1283 4144 1336 4199 Oli.
1354 4145 1441 4198 Palat.

270 4299 299 4366 d)
315 4227 528 4364 ghidihddrdny.
547 4313 571 4362 p.
590 4293 650 4350 143.
669 4298 695 4348 in
716 4293 838 4359 append.
856 4291 879 4358 1.
899 4295 924 4346 2.
943 4293 976 4342 de
994 4289 1168 4343 Udvornlata.

268 4372 296 4439 ο)
315 4370 376 4422 Vid.
395 4371 479 4420 Decr.
498 4369 584 4434 aJ‘usd.
603 4370 674 4424 And.
692 4379 777 4431 supra
797 4364 843 4452 cit.
862 4366 896 4415 do
913 4364 993 4416 Anno
1010 4363 1087 4416 1231.
1109 4367 1139 4414 st
1157 4359 1275 4412 alterum
1293 4355 1327 4409 ad
1346 4351 1439 4438 1198.
1570 4395 1571 4432 ἶ

320 4440 364 4494 cit.
381 4441 414 4492 de
428 4443 508 4493 Anno
527 4439 604 4493 1233.
704 4513 713 4525 ,
794 4499 797 4506 ,
