3144 4860
203 227 273 300 116

195 393 350 468 cedendi
368 392 570 481 derogetur.
598 378 642 456 11.
659 384 772 462 Durat
788 383 878 456 hacc
896 387 1108 482 corregendi
1132 393 1292 484 potestas
1310 395 1395 459 ten-

198 509 271 570 tum
290 495 334 568 ad
359 495 524 591 placitum
541 487 677 580 Regiae
695 486 903 577 Maiestatis.
922 488 981 560 ΙΙΙ.
1001 490 1099 564 Hanc
1117 495 1148 563 si
1174 491 1305 563 cuivis
1324 510 1395 560 ex-

195 599 331 671 cedere
351 596 520 685 contigat,
548 589 702 662 haerede
739 593 901 684 proxime
918 613 1168 683 successuro,
1196 591 1396 664 minorenni

197 701 338 788 relicto,
367 699 444 787 ejus
468 693 591 781 tutela,
617 691 803 786 Regnique
837 690 1090 780 administratio
1116 715 1230 790 penes
1259 691 1396 766 Corre-

199 811 344 898 gentem
364 803 420 872 sit.
448 795 508 867 lV.
537 794 644 869 Salva
663 797 762 867 sitin
787 815 873 866 casu
901 794 1062 869 delectus
1088 798 1157 887 jus,
1196 807 1232 868 et
1267 800 1395 868 immo-

203 906 295 976 diata
314 902 498 975 successio
516 919 582 992 pro
602 900 658 984 iis,
680 895 812 988 ¹quibust
831 898 962 969 virtute
988 898 1107 990 legum
1136 907 1315 993 competet
1337 894 1392 986 '‘l.
1426 909 1428 914 '

196 1007 241 1078 V.
270 1004 316 1076 Ut
345 1003 435 1073 baec
464 999 762 1071 coadministratio
790 1001 826 1068 in
855 997 1102 1071 conformitate
1131 999 1248 1092 Regni
1275 999 1394 1091 legum

198 1114 425 1203 procuretur,
453 1123 616 1196 suprema
642 1108 771 1189 tamen,
810 1120 851 1168 ao
870 1106 1079 1194 praesertim
1110 1101 1219 1174 titulis
1246 1104 1281 1174 4.
1301 1110 1338 1172 et
1356 1102 1390 1174 9.

196 1212 312 1282 Partis
338 1206 364 1276 Ι.
386 1204 562 1275 declarata
580 1203 757 1290 PotestaS,
784 1201 1054 1295 Privilogiorum
1071 1206 1154 1275 item
1174 1203 1328 1290 collatio,
1357 1211 1394 1272 et

199 1312 267 1382 alia
284 1307 611 1396 luraMajestatica,
628 1303 727 1375 velut
738 1302 781 1374 de
792 1303 874 1396 lege
884 1304 1001 1397 Regni
1011 1305 1097 1379 solis
1106 1306 1262 1399 legitime
1283 1325 1392 1376 coro-

197 1416 290 1485 natis
311 1408 469 1503 Regibus
496 1408 744 1501 competentia,
771 1427 883 1500 penes
902 1408 1015 1481 solam
1033 1407 1392 1498 coronatamRegiam

194 1515 417 1605 Majestatem
450 1518 685 1580 remanerent.
715 1505 775 1578 vl.
813 1507 859 1578 Ut
882 1509 1018 1598 Status,
1051 1521 1086 1582 et
1106 1509 1255 1580 Ordines
1275 1507 1392 1598 Regni

195 1637 262 1710 per
289 1612 544 1702 contegentem
572 1629 712 1699 quoque
730 1609 766 1676 in
785 1611 889 1678 avitis
909 1615 982 1680 suis
1003 1607 1327 1695 consuetudinibus,
1356 1617 1392 1676 et

194 1713 413 1788 libertatibus
429 1717 705 1793 conserventur,
724 1706 828 1799 idque
847 1710 894 1778 ita
914 1707 1078 1799 futurum,
1100 1708 1291 1780 secundum
1310 1706 1391 1778 lor-

118 1865 122 1873 1
189 1815 323 1904 ¹mulam
341 1811 544 1885 ‘subnexam
556 1807 786 1898 jurejurando
806 1807 1040 1882 confirmetur.

239 1937 278 2024 s)
302 1937 549 2015 Inexspectatum
573 1931 705 2012 proinde
728 1931 845 1994 nemini
867 1951 929 1996 non
954 1935 1053 1998 videri
1077 1934 1192 2012 debuit,
1216 1935 1298 2014 quod
1321 1935 1391 1996 Dur

279 2022 443 2098 Senoniae,
466 2027 591 2099 arrepto
607 2018 679 2080 binc
694 2027 855 2100 praetentu
871 2022 1025 2084 adversus
1042 2022 1146 2084 claros
1164 2023 1241 2084 adeo
1255 2029 1390 2096 tenores,

274 2109 352 2196 jura
382 2105 592 2173 successionis
627 2103 879 2184 praesaluantes,
914 2106 1133 2172 declaraverit:
1172 2107 1391 2186 „Sanctionem

278 2195 538 2278 „pragmaticam
562 2193 704 2254 adsumto
736 2191 768 2254 in
792 2190 1013 2274 Corregentem
1035 2195 1165 2270 marito,
1193 2211 1262 2254 esse
1285 2191 1390 2254 viola-

278 2292 374 2361 „tam,
396 2288 425 2341 et
447 2280 576 2366 siquae
598 2275 829 2339 renunciationi
848 2275 1002 2362 Conjugis
1025 2298 1101 2342 suae
1123 2279 1172 2340 vis
1195 2277 1305 2356 inerat,
1324 2296 1389 2340 eam

278 2369 383 2448 „lacto
406 2366 469 2428 isto
492 2365 618 2446 penitus
641 2362 840 2427 evanuisse.“

512 2578 571 2649 Ao
593 2473 1074 2667 oomeqdndffdmumnoa
1100 2557 1102 2564 ’
1168 2546 1171 2550 ’

293 2704 416 2776 Utrum
444 2697 674 2798 Corregentis
703 2705 882 2798 cooptatio
918 2705 1099 2797 negotium
1135 2706 1181 2777 sit
1208 2701 1388 2774 diaetale?

190 2809 326 2900 magnis
354 2803 540 2898 aliquando
571 2807 603 2898 ⁸)
634 2806 757 2876 animis
783 2809 820 2881 in
845 2815 1191 2902 utramquepartem
1221 2809 1387 2896 agitatum

191 2903 266 2981 fu'it.
295 2909 363 2979 Pro
381 2906 581 2978 affirmanda
600 2909 795 2996 sententia,
830 2907 1045 2979 luculentum
1057 2907 1238 2979 Francisci
1261 2905 1287 2975 1.
1307 2905 1388 2976 Ro-

192 3033 373 3083 manorum
400 3019 527 3105 postea
550 3005 713 3081 Caesaris
742 3009 940 3104 exemplum
958 3009 1063 3104 paulo
1084 3019 1165 3081 ante
1193 3008 1384 3104 prolatum:

187 3137 272 3187 mox
291 3114 401 3184 altera
419 3109 567 3206 Josepbi
585 3109 628 3182 II.
648 3114 684 3182 in
704 3119 950 3204 corregentem
969 3115 1150 3203 assumtio,
1179 3115 1215 3181 in
1234 3120 1382 3182 contra-

192 3220 281 3288 rium
297 3214 453 3314 proferri
472 3223 620 3308 poterat.
665 3211 797 3284 Verum
825 3213 936 3309 probe
967 3212 1250 3310 distinguendum
1274 3215 1386 3298 venit,

192 3321 295 3412 quem
324 3320 401 3410 quis
433 3336 575 3387 sensum
602 3318 848 3408 corregentiae
874 3315 997 3388 indere
1032 3315 1129 3389 velit.
1177 3313 1277 3402 Quod
1295 3314 1387 3381 enim

192 3419 371 3515 Josephus
398 3416 440 3487 ΙΙ.
467 3419 588 3504 matri,
626 3421 673 3488 ita
703 3418 860 3505 volenti,
888 3438 928 3489 se
948 3417 992 3489 ad
1017 3415 1164 3498 ferenda
1190 3414 1385 3507 Regiminis

72 3605 81 3617 ¹
193 3544 303 3594 onera
337 3519 534 3609 adjutorem
563 3519 789 3614 praebuerit,
818 3527 853 3588 et
875 3541 921 3590 ex
939 3519 1098 3611 ejusdem
1116 3517 1260 3588 arbitrio
1282 3534 1386 3584 man-

191 3625 270 3696 data
301 3622 524 3716 expleverit,
565 3621 600 3691 id
623 3625 787 3716 praecise
815 3621 999 3693 voluntate
1027 3619 1248 3714 imperantis,
1284 3613 1386 3685 alteri

189 3715 333 3821 duoque
348 3723 528 3814 legitimo,
560 3744 602 3792 ac
628 3727 790 3816 proximo
829 3720 991 3795 Coronae
1018 3718 1171 3792 Haeredi
1200 3716 1385 3809 obtingere

188 3848 312 3924 posse,
341 3827 625 3896 controversiam
643 3826 707 3897 vix
723 3828 861 3918 recipit.

510 4064 597 4147 'Sit
621 3975 1037 4168 rendldnffidsaetaoa

290 4199 421 4273 Contra
441 4202 471 4272 si
491 4198 878 4274 coadministrationem
896 4197 1050 4296 Imperii,
1070 4201 1101 4273 si
1119 4198 1383 4276 translationem

179 4327 392 4343 ..nonnum—d

217 4369 244 4435 ⁸)
262 4368 339 4422 Cous.
353 4372 416 4422 Aet.
432 4369 532 4430 Gemit,
543 4371 615 4424 Anni
630 4371 706 4427 1790.
721 4386 746 4438 p.
760 4369 821 4426 itt.
837 4401 872 4412 —
887 4371 948 4427 ato.
