3158 4864
729 502 766 590 §.
796 505 881 576 218.

550 634 639 703 Suu
666 651 749 703 cum
779 633 1041 702 Consectariis.

306 755 560 827 Praecellcntis
588 753 691 845 hujus
719 750 873 827 attributi
900 753 937 823 in
957 751 1246 845 consequentiam
1264 747 1400 820 Palati-

206 879 272 929 nus
291 855 316 927 Ι.
348 856 427 927 dum
455 855 536 926 Rex
554 855 749 950 elegendus
778 865 856 944 est,
885 850 1031 925 Comitia
1060 852 1200 941 indicit,
1228 852 1400 947 primum-

208 980 276 1052 que
293 960 329 1028 in
347 956 416 1028 illis
434 967 557 1030 votum
574 957 679 1029 habet
710 960 765 1050 ⁵),
783 976 908 1029 verum
926 954 1006 1026 buic
1023 954 1300 1050 praerogativae
1316 963 1399 1024 tunc

208 1060 343 1142 demum
360 1061 461 1132 locus
480 1058 597 1148 leret,
626 1064 656 1132 si
684 1057 822 1154 quando
842 1077 946 1130 cesus
972 1057 1159 1129 electionis
1184 1059 1270 1128 novi
1287 1055 1399 1148 Regis

207 1161 403 1254 inaugurali
435 1159 633 1255 Diplomate
662 1161 880 1253 designatus,
918 1171 1118 1253 emergeret
1148 1157 1194 1250 ¹²).
1224 1153 1267 1229 ll.
1297 1158 1398 1250 Rege

205 1263 373 1356 impedito
393 1272 594 1333 exterarum
612 1266 791 1335 nationum
819 1262 990 1333 Oratores
1009 1262 1104 1332 audit
1135 1263 1189 1353 ⁶),
1217 1258 1310 1332 istud
1339 1268 1398 1330 ta-

204 1385 307 1453 men,
335 1364 429 1459 quod
457 1364 540 1435 olim
566 1364 610 1434 ad
628 1365 789 1458 Regnum
815 1367 978 1459 praecise
996 1363 1197 1458 Hungariae
1226 1363 1398 1456 respexit,

205 1466 310 1538 modo
331 1467 478 1560 amplius
497 1465 696 1538 nullatenus
716 1467 911 1539 subsistere
929 1487 1062 1559 posse,
1081 1488 1185 1538 nemo
1205 1468 1240 1534 iu
1260 1462 1399 1533 dubium

205 1568 400 1640 revocabit.
429 1566 488 1637 Ill.
518 1569 629 1639 Tutor
657 1571 858 1658 assignatur
894 1566 985 1657 Regi
1014 1569 1147 1661 pupillo
1180 1562 1240 1653 ¹¹),
1281 1565 1395 1652 (tul)

204 1667 420 1738 Praesidium
449 1665 597 1738 Consilii
634 1665 968 1739 Locumtcnentialis
1007 1666 1133 1759 Regii,
1173 1663 1397 1757 Tabulaeque

207 1766 497 1862 Septemviralis,
526 1787 629 1860 quum
654 1772 722 1842 ista
752 1769 998 1861 erigerentur,
1026 1770 1076 1841 illi
1104 1789 1170 1865 pro
1198 1764 1314 1840 stabili
1333 1785 1399 1834 ac-

205 1873 315 1942 cessit
346 1869 390 1958 ⁸).

721 2019 757 2106 §.
787 2020 871 2092 219.
952 2103 954 2106 ,

622 2147 711 2217 Tum
746 2145 981 2219 Medo'otortb.

307 2266 378 2341 Suo
397 2270 559 2362 proxime
577 2267 737 2363 pondere
756 2270 957 2362 assequitur
979 2264 1301 2336 Locumtcnentiam
1319 2263 1397 2336 Re-

206 2370 299 2459 giam
316 2367 521 2441 Mediatoris
550 2369 686 2462 Regem
703 2375 813 2457 inter,
838 2391 879 2440 ac
908 2368 1068 2460 Regnum
1096 2368 1299 2459 provincia,
1326 2368 1398 2437 Pa-

206 2468 397 2541 latinalium
425 2469 650 2541 articulorum
679 2481 781 2543 sexto
811 2471 998 2565 perspicue
1023 2476 1236 2557 memorata,
1264 2478 1299 2539 et
1326 2489 1398 2540 ve-

204 2572 308 2642 tustis
334 2568 467 2662 Legum
489 2573 653 2663 vestigiis
680 2575 888 2644 communita
911 2568 966 2661 ⁴⁵).
995 2571 1180 2645 Adversus
1206 2590 1308 2662 mam
1327 2573 1396 2640 etsi

206 2672 311 2741 multa
328 2672 426 2742 multi
452 2693 500 2742 ex
522 2673 566 2743 iis
593 2677 860 2768 congesserint,
889 2676 1024 2767 quires
1052 2680 1218 2759 nostras,
1246 2677 1406 2764 actaque'

205 2769 379 2858 Majorum
397 2771 567 2843 vellicare
586 2784 770 2870 tantopere
790 2784 925 2864 amant,
955 2777 993 2868 si,
1007 2784 1123 2846 tamen
1141 2771 1308 2844 Mediatio
1328 2777 1398 2844 ist-

206 2869 296 2941 haec
321 2875 474 2964 genuiuo
509 2885 662 2946 sumatur
696 2879 843 2970 spiritu,
881 2896 925 2947 eo
955 2877 1111 2968 scilicet,
1153 2895 1221 2967 quc
1251 2873 1398 2944 eandem

206 2991 334 3065 reapse
362 2973 535 3047 reducere
572 2987 732 3070 oportet,
761 2987 796 3048 ct
832 2979 951 3049 sanior
971 2997 1063 3070 ‘pars
1105 2975 1226 3069 populi
1273 2979 1397 3068 quavis

208 3075 348 3145 omniuo
369 3084 485 3146 aetate
502 3078 816 3172 interpretabatur,
843 3089 881 3149 ut
898 3078 1065 3150 videlicet
1084 3076 1200 3170 Regni
1217 3078 1395 3148 Palatinus

207 3178 353 3266 quaevis
380 3182 609 3271 praegravis,
636 3180 745 3272 vulgo
765 3183 967 3271 gravamina
993 3182 1204 3273 tempestivo
1224 3189 1398 3251 antever-

205 3283 304 3364 tere,
334 3299 375 3347 ac
392 3278 503 3350 veluti
530 3283 566 3350 in
592 3278 700 3351 herba
729 3281 912 3353 succidere
941 3281 1153 3368 contendat,
1180 3291 1217 3351 ut
1235 3279 1396 3350 lundatas

99 3433 102 3441 ,
205 3373 478 3466 Regnicolarum
507 3385 766 3475 quaerimonias
795 3382 838 3453 ad
855 3386 990 3475 regium
1019 3380 1234 3477 perferendo
1255 3379 1394 3465 solium,

204 3477 305 3565 juxta
324 3478 439 3572 Regni
459 3480 634 3554 desideria
651 3505 716 3577 pro
737 3483 809 3572 illo,
838 3506 941 3577 quem
955 3486 1071 3575 jurata
1091 3482 1191 3570 lides,
1218 3481 1397 3551 muueris-

209 3598 276 3670 que
296 3585 453 3671 gravitas
468 3584 549 3673 jure
569 3585 748 3681 deposcit,
778 3585 932 3658 candore
963 3593 1138 3678 exponat,
1168 3601 1210 3651 ac
1228 3583 1301 3652 suis
1319 3584 1396 3675 ipse

204 3680 381 3772 precibus,
399 3687 643 3781 rationumque
658 3690 843 3758 momentis
858 3694 1051 3771 sustentet,
1070 3692 1108 3753 ut
1127 3684 1204 3754 sive
1223 3683 1397 3775 ingruen-

205 3775 297 3850 tibus
318 3784 620 3877 extraordinariiS,
641 3788 849 3882 quandoque
869 3788 913 3860 ob
931 3788 1086 3857 vicinum
1103 3781 1297 3876 periculum
1314 3805 1398 3856 mo-

205 3898 279 3948 ram
306 3903 378 3954 non
405 3885 690 3978 admittentibus,
718 3888 914 3978 adjunctis,
943 3906 1008 3957 seu
1035 3883 1115 3954 dum
1132 3885 1169 3955 iu
1188 3884 1304 3978 Regni
1323 3884 1398 3958 Co-

206 3980 310 4052 mitiis
331 3989 514 4080 quaepiam
541 3993 660 4084 regias
689 3992 927 4078 intentiones,
957 3995 1015 4058 aut
1032 3995 1118 4059 vcta
1138 3984 1298 4061 Statuam
1316 4009 1397 4060 mc-

204 4117 449 4144 x·-

235 4162 261 4226 ⁸)
278 4167 353 4225 stau.
368 4179 392 4228 ι.

235 4232 262 4289 1’)
281 4240 357 4295 1723.
374 4249 397 4298 2.
418 4246 440 4312 ᾗ
458 4250 506 4301 ult,

236 4301 264 4434 :t
277 4306 382 4433 tutte
397 4323 489 4441 ϊι
615 4385 625 4394 -

236 4441 262 4510 ⁶>
280 4449 357 4506 saca.
374 4401 464 4511 adra
479 4425 515 4513 st
