3094 4868
1254 221 1349 302 asa

21 401 28 414 “
134 391 353 481 strietuales,
380 362 532 486 indeque
551 390 744 486 Supremas
762 391 963 466 Palatinalis
991 391 1224 492 Capitoneus,
1253 397 1327 469 suis

134 514 211 565 cum
242 491 512 566 considentibus
541 492 685 564 totidem
721 493 927 564 intermedia
955 495 1048 567 Fora
1081 497 1326 592 Appellatoria

20 605 24 620 '
133 597 371 680 constituunt3
399 591 605 688 Supremum
629 614 719 664 vero
745 595 780 663 in
814 592 907 665 Sede
926 595 1107 669 Palatinali
1124 639 1175 650 -
1192 597 1329 670 Palati-

20 709 23 722 ·
133 717 179 767 uo
207 695 374 768 Praeside
390 733 441 748 -
459 698 643 782 consistit,
672 694 716 765 ad
742 707 845 787 quam
863 714 928 767 suo
953 700 1032 791 ipse
1051 698 1191 770 delectu
1209 697 1329 788 (leju-

20 811 21 824 ’
135 795 233 870 dices
261 797 434 884 aduocat,
462 795 598 868 altioris
627 795 833 890 plerumque
858 795 1025 870 Subsellii
1047 793 1169 870 Viros.
1191 799 1327 894 Oppida

133 895 375 990 llajdonioalia
398 900 536 993 pariter·
557 901 705 993 primurn
731 896 890 967 Judieem
916 899 953 968 in
982 898 1089 971 looali
1106 900 1327 992 Magistrum,

134 1000 378 1072 intermedium
403 1003 440 1070 in
469 997 675 1071 districtuali
703 996 841 1068 Judicio
870 997 1018 1088 habent,
1045 1001 1139 1071 unda
1167 1002 1210 1072 ad
1234 1001 1328 1073 Fora
1420 1039 1424 1049 ·

135 1105 319 1197 superiora
346 1101 384 1172 lit
412 1099 612 1196 appellatio.
640 1098 680 1171 In
702 1099 890 1171 Provincia
912 1103 970 1188 16,
995 1100 1213 1196 Oppidorum
1232 1103 1326 1174 Sce-

133 1209 225 1299 pusii
253 1202 496 1299 appellabatur
514 1223 533 1272 a
551 1199 657 1273 locali
675 1199 882 1292 Magistratu
911 1201 954 1272 ad
980 1201 1153 1273 iudicium
1172 1204 1339 1276 Pravis--

135 1307 245 1395 ciale,
274 1306 355 1376 dein
373 1304 485 1374 relate
513 1303 556 1374 ad
576 1322 701 1374 causas
722 1303 847 1374 civiles
866 1299 1000 1374 directe
1018 1303 1061 1374 ad
1089 1303 1217 1377 Sedem
1234 1304 1327 1376 Per-

135 1406 356 1495 sonalitiam,
384 1414 419 1476 et
452 1424 523 1475 non
547 1404 649 1474 ultra.
685 1403 725 1476 ln
751 1403 985 1475 criminalibus
1003 1425 1093 1477 vero
1121 1403 1249 1476 Forum
1268 1403 1327 1476 di·
1386 1447 1389 1454 ·

136 1509 317 1580 strictuale
336 1505 427 1602 apud
447 1515 594 1577 cunctos
613 1504 722 1577 hosce
752 1505 940 1576 Districtus
958 1509 1105 1600 primum
1124 1511 1197 1600 agit
1223 1507 1328 1577 Judi-

135 1631 234 1696 cem,
264 1612 367 1703 atque
386 1605 468 1678 hinc
494 1607 614 1678 itidem
644 1607 688 1677 ad
705 1607 898 1678 Palatinum
918 1629 936 1676 a
956 1607 1170 1702 Jauygibus,
1199 1618 1235 1679 et
1253 1606 1329 1680 Ou-

133 1713 271 1798 manis3
300 1708 485 1803 areliquis
511 1706 554 1780 ad
581 1705 720 1780 Curiam
739 1709 886 1800 Regiam
903 1710 1075 1803 procedit.
1100 1747 1154 1761 -
1180 1708 1327 1781 Nobiles

49 1867 56 1890 .
136 1809 257 1906 Campi
283 1810 529 1904 'luropolyaa
554 1809 840 1903 Magistratibus,
869 1813 928 1902 qui
956 1810 1090 1881 eisdem
1108 1832 1174 1904 pro
1194 1814 1327 1903 primae
1378 1879 1382 1883 .

134 1912 326 1984 Instantiae
354 1910 493 1982 Judieio
520 1919 624 1997 sunt,
654 1910 697 1980 ad
726 1909 854 1982 Sedem
884 1909 1107 1980 Judiciariam
1136 1907 1329 1982 Comitatus

135 2011 384 2106 Zagrabiensis
402 2011 639 2098 deducuntur,
667 2018 793 2103 postea
812 2009 856 2080 ad
869 2009 1041 2082 Tabulam
1065 2009 1244 2099 banalem,
1261 2005 1328 2082 bi-

135 2125 190 2187 tes
207 2135 298 2187 vero
316 2112 623 2185 Praedialisturum
642 2113 787 2199 civiles,
815 2109 952 2182 «Iudicia
977 2111 1161 2184 Octavalia
1178 2111 1328 2184 Praela-

135 2225 250 2288 tomm
278 2215 441 2286 dirimunt
467 2211 521 2303 ⁴⁵).
547 2251 599 2265 -
623 2213 860 2304 Privilegiatis
888 2211 1034 2283 dediciis
1063 2213 1176 2284 adbuc
1201 2216 1327 2285 merito

135 2317 381 2390 adnumeratur
390 2315 519 2387 Forum
536 2310 786 2386 Universitatis
804 2313 941 2407 Regiae
952 2313 1215 2414 Academicum,
1234 2315 1329 2411 quod

133 2422 171 2493 in
198 2416 407 2490 coercendis
435 2416 671 2487 criminalibus
701 2414 861 2504 delictis,
897 2419 929 2488 si
959 2437 1049 2510 quae
1077 2421 1327 2507 interveniant,

135 2528 338 2614 occupatur.
356 2556 409 2568 -
427 2514 562 2589 Causas
582 2513 897 2604 communitatum,
925 2539 1069 2611 quarum
1088 2521 1288 2614 complures
1308 2540 1328 2589 e

135 2621 297 2694 divorum
313 2617 450 2710 Regum
467 2617 668 2711 Privilegiis
686 2616 814 2688 localia
833 2615 1043 2690 suaJudicia
1061 2619 1229 2707 habuere,
1250 2641 1328 2692 eum

134 2724 280 2814 reliquis
307 2719 607 2792 indiscriminatim
634 2721 760 2815 partim
791 2738 909 2789 eorum
935 2723 1079 2814 proprio
1108 2721 1329 2814 Magistratu,
1462 2761 1463 2766 ,

134 2823 203 2896 hoe
221 2821 431 2910 deliciante,
457 2821 550 2915 apud
575 2820 734 2893 dudicem
755 2817 960 2908 Nobilium,
988 2826 1112 2915 purtim
1129 2823 1174 2894 ad
1201 2823 1330 2898 sedeur

134 2925 357 2996 Judioiariam
385 2926 422 2993 in
447 2926 559 3014 prima
587 2926 753 2992 instantia
780 2921 842 2992 lex
872 2922 1041 3015 deinceps
1069 2927 1209 3016 erigere
1230 2927 1331 3000 ordi-

135 3027 234 3097 navit
263 3024 305 3113 ⁸).
335 3021 451 3108 Idem,
480 3020 625 3092 sublatis
653 3019 806 3094 Sedibus
834 3021 1098 3110 Dominalibus,
1125 3047 1190 3117 pro
1219 3026 1330 3100 Gom-

135 3122 382 3210 muuitatibus,
408 3143 500 3215 quae
527 3120 631 3194 isthic
660 3122 797 3194 Judicia
815 3121 1052 3216 recipiebant,
1079 3123 1196 3196 locum
1213 3126 1328 3199 habet.

136 3230 190 3300 De
208 3227 263 3296 luis
281 3226 503 3318 quantumvis
524 3223 663 3296 abolitis
688 3245 801 3318 pauca
820 3221 1069 3297 Illustrationis
1088 3229 1200 3318 gratia
1217 3229 1328 3302 verba

136 3329 258 3402 iacere
277 3329 308 3399 si
327 3329 417 3396 ratio
438 3328 557 3420 operis
576 3347 649 3398 non
667 3329 854 3418 exigeret,
882 3325 1051 3398 suaderet
1068 3329 1227 3402 veritatis
1247 3338 1329 3402 stu·-

137 3430 251 3520 dium,
279 3447 385 3520 aqua
411 3427 509 3499 multi
537 3436 574 3500 et
601 3427 763 3517 devium,
792 3435 828 3499 et
845 3430 987 3500 nimium
1006 3425 1239 3520 deflectendo,
1259 3453 1328 3504 ne-

137 3553 205 3628 que
220 3533 294 3622 jam
312 3528 531 3623 consepultis
549 3549 699 3625 parcere
717 3531 812 3625 potis
831 3539 922 3604 sunt.

177 3721 212 3806 *)
233 3721 281 3784 De
302 3720 352 3782 bis
375 3719 511 3782 Judieiis
533 3719 699 3782 informari
722 3720 852 3784 uberius
876 3720 929 3802 qui
946 3719 1134 3798 desiderant,
1157 3730 1333 3804 opportune

221 3803 385 3871 consulent
406 3803 559 3888 Ignatlum
591 3801 714 3882 Frank,
746 3806 797 3887 qui
821 3807 921 3870 thema
951 3806 1036 3870 istud
1059 3807 1180 3890 egregie
1204 3809 1330 3877 omniuo

220 3891 397 4052 illullllvll
412 3890 632 4058 isrpqpriucipiia
650 3889 740 3954 Jurie
763 3892 867 3954 civilis
889 3891 1063 3974 Hungaricl
1092 3890 1131 3960 T.
1153 3892 1192 3957 ll.
1209 3893 1285 3974 Sep.
1305 3895 1329 3961 Ι.

138 4179 344 4198 νυνι-1.·-

167 4323 196 4391 ι)
214 4320 291 4378 aare.
308 4323 349 4376 11.
