3142 4862
1355 251 1378 325 u

175 411 260 503 Ψ).
289 411 513 510 Utsiquis
533 410 1102 510 deportarisnlmiuuois
1122 419 1377 494 etaliarum

173 513 1376 610 Personarumprincipaliumjuramentum,etstatuta

171 619 384 711 ipsorum
411 617 665 710 infringere
690 614 904 705 voluerit,
936 618 1377 715 anathematisubja-

173 721 308 790 eeat
298 741 340 789 ιιι
357 727 626 816 perpetuum
633 719 652 759 “
681 719 799 811 Atque
819 715 872 789 his
893 718 1152 794 conditionibus
1172 733 1208 794 et
1226 722 1375 797 formem

171 821 319 914 Imperii
337 819 668 892 Monarchieam—
694 827 731 891 et
749 818 922 912 Regimen
939 841 1004 914 pro
1032 822 1152 896 indole
1170 822 1282 898 libere
1301 848 1374 921 po-

170 920 246 1018 puli
278 921 471 1015 prudenter
489 931 797 1016 temperatum—
823 929 858 991 et
875 926 1127 1012 reverentiam,
1157 924 1374 1012 fidelitatem,

172 1023 414 1096 obedientiam
441 1024 629 1119 Imperanti
660 1023 886 1095 debitam-
911 1031 947 1094 et
968 1046 1090 1096 veram
1109 1025 1295 1116 bonorum,
1324 1033 1374 1101 uti

170 1136 305 1222 postea
331 1125 570 1218 vigebant,
556 1129 648 1215 Juris
675 1123 852 1198 Nobilium
877 1128 1131 1221 proprietatem
1157 1168 1210 1180 -
1237 1129 1371 1202 verbo:

168 1230 306 1323 primas
334 1226 447 1299 lineas
478 1229 554 1317 ejus
585 1225 853 1300 Constitutionis
884 1233 1055 1322 exprimi,
1085 1252 1174 1323 quae
1205 1229 1376 1327 deinceps

163 1331 372 1422 Hungariae
391 1352 456 1423 pro
475 1351 598 1401 norma
616 1327 695 1416 fuit,
724 1332 839 1422 quivis
874 1327 979 1400 facile
999 1351 1046 1403 ex
1063 1329 1219 1403 Historia
1238 1333 1373 1426 Legum

165 1442 393 1519 nostrarum,
432 1441 468 1504 et
500 1434 587 1529 ipsis
617 1433 769 1503 omnium
805 1430 942 1526 Regum
972 1440 1178 1505 nostrorum
1206 1434 1371 1510 Decretis

167 1535 440 1610 animadvertet.
1435 1539 1440 1550 '

711 1706 747 1794 §.
777 1703 837 1777 IX.

636 1855 714 1932 snt
739 1857 908 1949 Aranda.

275 2059 429 2132 Nostrae
447 2059 554 2150 igitur
572 2061 672 2150 origo
686 2054 954 2131 Constitutionis
973 2060 1054 2132 inde
1074 2063 1116 2135 ab
1134 2064 1271 2160 Arpadi
1290 2064 1370 2134 Re·

166 2165 304 2260 gimine
320 2159 515 2256 repetenda
534 2171 589 2232 est
599 2157 655 2250 *),
668 2181 758 2254 quae
773 2159 1025 2255 qualiscunque
1044 2163 1184 2236 tandem
1196 2167 1270 2236 suis
1289 2187 1370 2237 eum

168 2264 372 2362 primordiis
400 2283 482 2335 esse
509 2264 687 2357 potuerit,
715 2283 818 2334 nemo
844 2272 960 2334 tamen
986 2269 1186 2358 reperietur
1215 2264 1364 2342 obtusae

168 2370 262 2442 adeo
281 2368 421 2452 mentis,
439 2373 478 2436 ut
496 2363 563 2436 sibi
580 2364 808 2459 persuadeat,
827 2363 1028 2459 Hungaros,
1042 2378 1185 2460 gentem
1204 2389 1364 2456 numero,

170 2483 208 2544 et
226 2469 353 2543 bellica
371 2465 575 2539 fortitudine
593 2469 768 2560 insignem
782 2471 963 2564 oeeupatis
976 2470 1058 2558 jure
1078 2491 1253 2542 armorum
1273 2469 1367 2541 alie-

170 2577 251 2662 nis,
275 2573 391 2663 iisque
420 2567 643 2662 amplissimis
659 2569 893 2660 Regionibus,
921 2572 1056 2642 einetos
1075 2572 1229 2666 undiqne
1249 2570 1368 2643 bosti-

169 2675 250 2763 bus,
270 2669 414 2744 saeoulo
435 2669 635 2765 etamplius
659 2675 735 2742 sine
754 2670 906 2762 legibus,
929 2671 1114 2747 nomadum
1133 2672 1289 2745 ferorum
1307 2675 1368 2744 in-

171 2786 259 2863 star,
278 2775 387 2846 vitam
406 2775 547 2865 egisse3
565 2775 712 2843 vincere
723 2793 898 2867 persaepe
918 2771 1133 2847 fortissimos
1153 2773 1320 2869 papulae,
1333 2783 1369 2844 et

170 2877 286 2950 media
315 2878 352 2946 in
378 2871 520 2969 Europa
549 2873 709 2968 Regnum
727 2873 796 2943 hoe
814 2883 883 2946 taur
907 2875 978 2945 late
1004 2879 1130 2969 patens
1150 2876 1194 2950 ed
1212 2874 1369 2970 Stepha-

168 3002 238 3051 nea
256 2998 367 3071 usque
388 2982 547 3072 tempora
566 2974 699 3070 absque
717 2975 789 3047 ulla
809 2984 906 3048 eerta
919 2977 1114 3072 Regiminis
1133 3000 1256 3052 norma
1274 2979 1367 3065 reti-

170 3103 261 3154 nere
279 3080 450 3176 potuisse.

209 3282 254 3368 a)
275 3282 347 3344 Dux
361 3299 437 3342 vero
453 3279 617 3359 Arpad—
580 3278 736 3361 —inquit
752 3245 938 3363 dnonymus
954 3280 988 3363 ⁸)
1004 3286 1035 3343 et
1050 3279 1101 3344 sui
1118 3279 1244 3358 milites,
1258 3282 1370 3362 adepta

168 3373 207 3448 'gij
255 3366 388 3430 victorie
418 3397 458 3409 —
494 3398 534 3408 —
571 3375 723 3429 venerunt
753 3386 852 3446 usque
882 3368 921 3428 ad
944 3376 1107 3449 stagnum,
1142 3369 1223 3448 quod
1251 3368 1371 3430 dieitur

254 3449 444 3515 Kurtueltou
468 3446 699 3530 (Kdrtvdlytd)
723 3485 762 3497 -
787 3487 827 3498 —
851 3453 935 3514 etin
959 3453 1014 3514 illo
1037 3453 1106 3516 loeo
1128 3453 1215 3515 Dur
1238 3463 1274 3516 et
1306 3454 1371 3515 sui

254 3536 424 3602 Nobiles
459 3534 756 3595 ordinaverunt
790 3553 926 3631 omnes
959 3538 1365 3598 consuetudinarias

255 3626 368 3705 leges
403 3619 550 3698 Regni,
584 3626 619 3681 et
642 3619 773 3680 omnia
799 3617 895 3701 juro
926 3616 1034 3702 ejus,
1065 3619 1249 3698 qualiter
1280 3637 1369 3680 ser-

255 3712 392 3802 virent
412 3705 527 3780 Daoi,
549 3702 806 3791 Primoribus
830 3705 941 3782 suis,
965 3705 1030 3766 vel
1052 3703 1236 3784 qualiter
1256 3701 1370 3787 judi-

184 3791 186 3796 ’
256 3779 371 3858 eium'
394 3793 583 3854 ieeerent
614 3811 688 3892 pro
723 3790 910 3870 quolibet
939 3791 1109 3854 erimine
1140 3792 1371 3868 commisso,

255 3892 286 3944 ot
302 3882 402 3942 loeum
426 3878 480 3940 ubi
501 3877 577 3938 bueo
592 3879 696 3938 omnia
714 3876 841 3940 luerunt
860 3876 1013 3978 ordinate,
1034 3876 1179 3959 Hungari
1198 3879 1368 3940 seeundum

255 3987 346 4030 suum
382 3964 498 4025 idioma
530 3963 768 4024 nominaverunt
801 3963 931 4026 seerii
965 3961 1076 4044 (seer)
1111 3964 1192 4044 quod
1227 3964 1369 4026 ordinem

239 4051 380 4115 'denotet
396 4082 436 4094 -
455 4067 490 4111 eo
515 4050 597 4128 quod
619 4048 663 4110 ibi
682 4049 860 4112 ordinatum
883 4049 944 4113 tuit
966 4057 1065 4113 totum
1084 4049 1242 4134 negotium
1258 4049 1371 4134 Regni.

198 4329 291 4396 ⁸.)0p
309 4331 347 4383 eit
381 4332 444 4396 cap.
468 4327 512 4382 to
539 4332 611 4386 oeni.
636 4332 743 4384 Disser
762 4333 837 4383 Hist.
856 4332 924 4386 ortt.
941 4348 993 4401 sup
996 4349 1038 4390 er
1064 4331 1228 4403 quibusdum
1246 4333 1368 4389 vetustte
1404 4333 1406 4338 '

247 4403 400 4470 renbung.
422 4401 625 4468 Cup.1)lss.l
643 4402 709 4470 Peg.
729 4403 753 4455 1
772 4417 833 4472 uoq.
853 4404 899 4460 20
