3158 4864
1319 207 1389 284 178

195 382 355 470 tempora
381 376 618 452 nomenclatio
642 373 805 472 Magistri
833 378 1111 452 Taverniaorum
1136 380 1297 476 nuspiam
1327 403 1394 476 par

195 475 347 597 Tabulas
384 481 561 571 occurrit,
598 478 819 554 adminimum
850 502 928 554 eam
968 482 1129 577 nuspiam
1161 501 1218 555 me
1257 484 1393 579 legisse

195 599 417 655 reminiscor.

744 786 752 803 .
782 735 867 808 237.

571 735 825 953 Ejusdednquc
851 859 1017 951 agendas.

294 967 408 1078 Habet
437 1007 544 1099 igitur
571 1008 713 1080 multam
747 1011 827 1104 veri
856 1012 1012 1104 speciem
1043 1008 1091 1098 ⁸),
1119 1003 1393 1078 Thesaurus-ium

194 1103 345 1196 Regium
379 1107 461 1180 olim
491 1130 570 1180 cnm
596 1108 768 1202 Magistro
796 1110 1074 1184 Tavernicorum
1110 1108 1259 1179 eundern
1288 1106 1393 1202 plane
1515 1102 1519 1114 '

195 1205 321 1295 fuisse,
348 1208 395 1282 ad
417 1230 521 1304 quern
538 1219 575 1282 et
602 1232 803 1305 supremum
821 1215 857 1283 in
874 1211 982 1284 urbes
1000 1215 1133 1302 regias,
1160 1209 1260 1282 velut
1278 1229 1394 1303 pecu-

194 1306 277 1378 lium
294 1312 444 1403 regium,
458 1310 641 1402 judicium,
660 1323 696 1384 et
714 1311 887 1385 Thesauri
914 1315 1019 1404 regii,
1037 1312 1242 1405 Domusque
1262 1309 1398 1382 illone·-

187 1413 306 1482 'toriae
326 1433 411 1485 cura
433 1416 643 1508 pertineret,
672 1413 908 1509 postmodnm,
933 1424 1107 1507 tamquam
1124 1412 1243 1483 iorum
1262 1431 1393 1505 super-

195 1512 376 1605 ravidens,
397 1517 618 1610 superiorem
631 1515 803 1605 justitiam
822 1518 858 1586 in
867 1513 1038 1590 Civitates
1056 1512 1201 1602 liberas,
1215 1521 1250 1584 et
1270 1514 1389 1605 regias

195 1613 261 1685 ¹sibi
283 1616 529 1689 subordinatas
560 1617 657 1710 (aliis
675 1639 826 1712 namque
858 1616 986 1705 Sedes,
1015 1638 1119 1711 quam
1148 1614 1279 1704 dicunt,
1300 1615 1394 1686 Per-

196 1719 359 1791 sonalitia
377 1717 544 1792 Tribunal
584 1740 785 1814 supremum
815 1722 910 1812 erat]
951 1717 1190 1791 exercendum
1227 1715 1388 1806 obtinuit,

195 1817 239 1888 ad
258 1841 344 1912 quas
362 1820 523 1892 mandata
540 1820 740 1911 judiciaria,
764 1821 864 1895 velut
892 1821 1030 1895 illarum
1047 1818 1164 1892 Judex
1186 1817 1393 1890 Ordinarius

196 1918 402 2009 dimittebat,
430 1920 523 1992 unde
545 1931 582 1992 ct
604 1920 855 2010 Jusjurandum
879 1925 915 1992 in
941 1921 1053 2014 Regis
1082 1923 1285 2015 praesentia
1324 1919 1393 1992 dc-

195 2023 296 2112 ponit
325 2020 371 2110 l³).
400 2022 568 2092 Accessit
596 2042 642 2092 ox
668 2043 735 2092 usu
763 2020 849 2092 illud
876 2020 988 2092 adbuc
1012 2023 1205 2112 singulare,
1244 2020 1337 2114 quod
1358 2025 1395 2094 in

194 2118 311 2212 Regni
339 2119 511 2210 Comitiis,
538 2120 704 2216 impedito
726 2121 844 2214 Regni
861 2121 1033 2212 Palatino,
1056 2120 1252 2215 Judiceqne
1266 2119 1394 2194 Curiae

195 2243 268 2292 non
306 2222 440 2311 Banna,
485 2218 569 2296 licet
600 2223 723 2294 ordine
752 2228 931 2313 anterior,
967 2244 1092 2296 verum
1117 2223 1395 2294 Tavernicorum

195 2322 381 2418 Regalium
401 2323 573 2418 Magister
595 2321 744 2396 haedum
762 2326 968 2420 praesidere
997 2334 1259 2412 consueverat3
1286 2323 1394 2396 vide-

195 2435 250 2494 rat
267 2437 455 2523 practerea
481 2437 579 2500 aetas
606 2439 728 2501 nostra
745 2426 916 2518 Eundem,
942 2431 1009 2500 etsi
1027 2449 1101 2499 non
1119 2427 1242 2500 stricte
1274 2447 1294 2496 e
1323 2422 1394 2496 hu-

192 2527 335 2616 jussui
364 2527 472 2600 officii
500 2532 662 2619 ratione,
690 2532 858 2623 espiritu
892 2540 1009 2602 tamen
1036 2530 1128 2622 legis
1159 2527 1206 2618 ⁰),
1234 2520 1393 2600 Consilio

195 2625 310 2724 Regio
334 2629 663 2720 Locumteneutiali,
693 2641 729 2704 et
754 2631 909 2705 Tabulae
929 2627 1178 2728 Septemvirali
1206 2628 1392 2702 admotum.

747 2831 756 2848 .
785 2781 870 2854 238.

480 2907 540 2975 De
565 2779 875 2997 rett·qua§ltepm·
896 2901 1123 2978 Beronibus.

297 3055 418 3128 Prisca
442 3051 660 3144 reliquorum
674 3051 791 3146 Regni
806 3052 985 3126 Baronum
1012 3073 1157 3125 munera
1188 3071 1281 3146 quae
1307 3046 1393 3121 fue-

195 3158 279 3247 rint,
306 3178 353 3228 ex
378 3157 456 3250 ipsa
483 3152 677 3227 eorundem
699 3155 982 3229 nomenclatione
1000 3153 1107 3226 facile
1129 3152 1391 3243 intelliguntur3

197 3281 240 3331 ea
257 3260 409 3346 ratione,
424 3258 476 3330 uti
494 3265 574 3327 actu
591 3259 798 3349 persistunt,
832 3267 868 3329 et
887 3269 991 3331 antea
1019 3277 1160 3352 quoque
1189 3263 1290 3326 extra
1314 3250 1390 3324 Oo-

196 3364 292 3434 mitia
310 3363 347 3432 in
363 3357 480 3450 Regni
496 3356 811 3433 Administratione
838 3381 903 3455 per
921 3360 1073 3433 odicium
1101 3366 1237 3455 partem
1263 3354 1393 3427 nullam

197 3460 406 3559 capiebant,
451 3477 596 3528 munere
633 3469 749 3530 autem
776 3482 865 3551 suo,
900 3471 1044 3553 praeter
1079 3459 1207 3532 nobilis
1242 3459 1394 3528 Turmae

195 3565 447 3637 Praetorianao
492 3557 741 3655 capitaneum,
792 3563 830 3634 in
873 3561 1014 3634 solenni
1068 3559 1237 3630 duntaxat
1274 3555 1393 3627 Coro-

195 3669 340 3740 natione
368 3663 482 3754 (106)
512 3660 759 3754 defunguntur.
787 3663 997 3756 Agaronum
1014 3661 1168 3751 interim,
1196 3669 1233 3730 et
1248 3656 1392 3730 Janito-

195 3791 272 3839 rum
313 3766 499 3857 Regalium
543 3762 723 3856 Magistris
760 3765 953 3861 peculiaria
998 3761 1168 3861 quaedam
1204 3763 1241 3832 in
1275 3760 1392 3852 Regni

195 3871 332 3942 Diaetis
351 3866 487 3960 agenda
516 3865 629 3936 adhuc
648 3877 847 3960 supersunt.
876 3868 991 3941 Priori
1020 3866 1158 3940 scilicet
1175 3863 1219 3934 de
1238 3861 1392 3956 hospitio

196 3993 262 4066 pro
282 3970 373 4043 Aula
390 3968 518 4061 Regia,
547 3977 583 4038 et
601 3967 755 4042 Statibus
773 3971 1007 4067 prospicere3
1040 3965 1232 4064 providere
1249 3965 1395 4038 victua-

195 4073 257 4163 lia,
275 4084 346 4147 tum
365 4092 526 4146 annonae
544 4073 695 4165 pretium
712 4075 803 4144 intra
818 4073 934 4163 justos
945 4073 1074 4144 limites
1086 4069 1283 4156 continere,
1303 4065 1394 4138 abu·

225 4242 256 4378 zi)
271 4245 351 4367 mg
368 4243 558 4368 ξὲξήιγθτᾱ.
571 4243 644 4296 Hist.
661 4245 722 4298 dur.
740 4245 799 4299 civ.
817 4246 909 4312 flung.
927 4243 951 4311 l.
970 4245 1030 4299 160.
1049 4243 1077 4294 ln
1094 4245 1152 4294 not.
1170 4255 1196 4306 p.
1214 4236 1275 4293 3³4.
1293 4243 1321 4292 et
1333 4238 1393 4294 335.

226 4383 255 4448 ⁰)
275 4385 326 4437 cla
339 4385 410 4440 ruod.
426 4391 477 4440 art
494 4390 523 4440 et
540 4381 618 4440 1492.
640 4381 683 4438 42.
