3144 4860
1287 247 1359 324 101

247 401 387 466 Tabulae
409 407 496 485 pecie
518 407 601 472 inter
623 407 814 486 Stephanum
836 409 876 475 V.
898 409 1096 493 liudgerdae,
1126 419 1157 476 et
1179 411 1361 478 ottocarum
1394 455 1396 460 -

244 488 410 588 bohemiae
430 494 531 576 Rogas
554 494 649 558 initae
663 496 708 574 ⁴),
730 513 787 557 noc
809 496 987 578 Scriptores
1010 501 1133 578 desunt,
1156 499 1209 582 qui
1223 519 1361 564 eorona-

246 593 316 638 rum
338 593 408 659 eJus
431 580 556 661 generis
578 578 784 643 meminerunt
797 580 843 663 h).

714 791 721 807 .
755 739 838 812 121.

310 863 459 938 Deinde
484 737 792 958 Sceptrum§cem
817 864 974 958 reteque
1005 865 1205 940 clenodiis.

261 987 378 1082 lungo
410 985 573 1062 Coronae
612 989 639 1060 Ι.
681 989 844 1084 Septrum
885 1013 1051 1079 aureum,
1080 990 1194 1063 simile
1236 990 1359 1065 clavae

159 1091 394 1184 hungaricae,
424 1113 526 1186 quam
554 1095 674 1166 nativa
703 1113 796 1164 voce
827 1091 1135 1187 „Bunogtny“
1174 1115 1358 1184 vocamus,

159 1196 196 1264 in
222 1191 363 1286 globum
383 1193 550 1265 desinens
575 1194 816 1282 cristallinum,
845 1197 962 1265 aureis
989 1195 1138 1266 lamellis
1157 1195 1358 1268 circumda-

159 1303 243 1383 tum,
271 1294 508 1388 undeviginti
530 1315 596 1368 sex
626 1295 797 1367 catenulis
820 1305 874 1366 tot
895 1317 1040 1367 numero
1065 1297 1199 1389 globuli
1220 1295 1360 1392 depen-

160 1395 253 1466 dent.
277 1394 320 1465 ll.
342 1397 530 1486 Pomum,
558 1396 618 1469 vel
634 1396 776 1488 globum
796 1406 1016 1487 terrestrem,
1034 1401 1168 1492 pariter
1188 1419 1207 1468 e
1229 1397 1358 1470 lamina

160 1521 280 1586 aurea,
308 1500 400 1572 intus
422 1521 583 1587 vacuum,
610 1497 691 1568 huic
723 1520 811 1570 crux
841 1497 1015 1592 duplicata
1036 1499 1178 1589 insidet,
1207 1510 1358 1591 quatuor

74 1626 77 1631 ·
159 1601 315 1695 partibus
332 1624 421 1674 vero
442 1601 587 1673 totidem
608 1599 794 1692 aliquando
816 1599 951 1671 scutula
965 1599 1172 1674 adhaesisse
1192 1610 1357 1694 apparet3

158 1724 284 1794 unum,
313 1705 407 1798 quod
444 1727 490 1774 ex
526 1702 580 1774 his
614 1705 802 1774 etiamnum
832 1713 1018 1796 superest,
1045 1703 1360 1798 Andegavensium

159 1802 315 1898 lusignia
333 1805 543 1898 Hungariois
565 1807 672 1875 mixta
690 1802 862 1898 perhibet.
891 1802 951 1874 111.
969 1804 1100 1878 Ensem
1120 1806 1156 1881 S.
1176 1804 1359 1899 Stephani,

158 1916 264 2000 prout
284 1907 447 1993 vidimus,
477 1905 540 1975 sub
570 1906 708 1996 Regum
737 1909 1007 1995 inauguratione
1038 1907 1194 1978 adhiberi
1217 1907 1359 1978 solitum

157 2007 319 2102 perinde,
349 2028 390 2074 ac
412 2004 559 2076 condam
580 2003 789 2075 Germaniae
816 2003 934 2074 Caroli
953 2005 1072 2096 Magni
1092 2008 1234 2080 Gladius
1256 2030 1359 2080 sacer

160 2118 259 2194 erat,
306 2115 455 2198 actuque
496 2105 556 2175 ille
595 2102 748 2176 Eduardi
786 2103 937 2195 Anglis,
963 2105 1155 2176 Venoeslai
1191 2108 1357 2179 Bohemis

158 2216 304 2304 praesto
332 2217 397 2279 est.
426 2205 559 2278 Noster
589 2208 625 2277 in
657 2205 866 2292 summitate,
896 2225 960 2276 seu
989 2207 1103 2300 capuli
1126 2206 1219 2278 nodo
1247 2208 1358 2280 Sacro

160 2320 281 2382 sancta
317 2308 463 2397 JESU,
509 2316 552 2378 et
588 2301 805 2379 MARIAE
842 2307 983 2378 nomina
1022 2318 1202 2380 contracta
1241 2307 1357 2380 habet.
1438 2321 1442 2328 '

112 2455 116 2466 ·
159 2411 219 2482 IV.
246 2412 412 2499 Pallium,
441 2408 602 2482 Uesulum
631 2411 801 2504 quippea
830 2407 913 2479 divo
937 2410 1148 2504 Pr0torege,
1177 2418 1213 2480 et
1240 2410 1360 2507 Gisela

159 2513 297 2606 Regina
334 2511 482 2584 Albensi
513 2507 697 2583 Ecclesiae
730 2511 968 2600 (monstrante
1001 2511 1037 2582 id
1073 2515 1187 2607 ipsum
1223 2515 1360 2599 intexta

160 2618 254 2688 vesti
278 2614 530 2709 inscriptione)
555 2613 647 2684 dono
676 2612 803 2698 datam,
832 2621 958 2706 postea
978 2615 1015 2683 in
1033 2611 1184 2706 Regium
1205 2613 1360 2686 Paluda-

160 2726 313 2788 mentum
341 2735 561 2788 conversam.
589 2714 717 2784 Forma
745 2715 905 2783 amictum
934 2714 1229 2806 ecclesiasticum,
1257 2716 1360 2787 Plu-

159 2819 294 2890 viale
321 2818 579 2913 compellatum,
605 2815 729 2886 refert.
758 2813 906 2886 Materia
928 2817 1205 2888 caerulescentis
1226 2818 1358 2889 coloris

161 2923 299 2993 sericea
322 2930 389 3008 est,
415 2921 525 2991 variis
548 2916 763 3010 Imaginibus
785 2914 970 3006 Coclitum,
998 2917 1359 3013 inscriptionibusque

161 3023 343 3093 cumulata.
366 3022 410 3091 V.
431 3018 677 3092 calceamenta
696 3015 789 3090 llavo
808 3018 851 3089 de
871 3022 985 3108 corio,
1006 3024 1126 3115 operis
1146 3023 1358 3115 pervetusti,
1399 3099 1401 3103 .

161 3145 238 3194 cum
266 3122 441 3194 tibialibus
475 3124 555 3194 aevi
585 3122 808 3192 recentioris.
841 3158 893 3174 —-
920 3122 1038 3215 Atque
1067 3122 1156 3192 haec
1190 3129 1271 3192 sunt
1300 3121 1361 3191 illa

159 3223 308 3318 Regalia
340 3225 552 3297 Ornameuta
573 3220 636 3314 ὓ),
673 3244 762 3316 quae
798 3243 867 3292 una
902 3246 978 3294 oum
1007 3222 1125 3315 Regni
1154 3221 1361 3316 Diademate

162 3327 285 3399 eadem
305 3329 340 3398 in
352 3328 440 3396 cista
458 3325 726 3416 diligentissime
739 3323 1037 3416 custodiebantur.
1051 3323 1251 3418 Aliquando
1266 3322 1364 3396 Oru-

161 3452 237 3501 oem
271 3449 410 3522 quoque
441 3425 646 3517 Legationis
684 3424 944 3496 adnumeratam
972 3427 1111 3516 fuisse,
1156 3429 1360 3498 testimonio

70 3530 73 3536 '
161 3530 384 3626 diplomatico
405 3526 632 3618 intelligimus
662 3525 709 3614 ⁰),
737 3522 829 3593 haud
858 3524 960 3593 dubie
988 3527 1096 3612 illam,
1126 3547 1229 3617 quam
1251 3527 1362 3595 Hart-

159 3635 261 3704 vious
295 3631 396 3704 simul
427 3651 504 3700 cum
534 3625 676 3699 Corona
707 3623 886 3720 Stephano
911 3645 976 3721 per
1004 3624 1211 3697 Pontificem
1240 3635 1363 3698 trans-

159 3735 303 3806 missam
329 3738 580 3804 commemorat
610 3725 655 3818 dJ.

190 3902 215 3966 ⁸)
234 3903 333 3954 ltditee
355 3902 536 3968 ab-ltnynald.
566 3899 615 3964 op.
636 3898 681 3951 eit
703 3900 737 3950 ad
765 3899 844 3952 hunc.
863 3913 932 3952 anu..
956 3912 1025 3966 quae
1047 3911 1082 3956 ex
1104 3858 1156 3952 ebd
1175 3901 1246 3964 Pray
1273 3898 1369 3952 Aunel.

188 4038 216 4100 t
237 3969 748 4094 mcommemor:
761 3969 861 4094 retr
1166 4077 1173 4084 ,

189 4119 214 4172 ⁶)
233 4115 350 4165 Docum.
372 4127 431 4177 serp.
449 4119 551 4178 peract
566 4112 664 4163 (toron.
684 4111 795 4166 lllad.l.
818 4110 845 4164 in
863 4111 960 4164 comta
978 4110 1117 4164 eonditum
1143 4107 1215 4159 Anni
1232 4104 1311 4159 illo.
1325 4123 1368 4174 ap.
1416 4130 1419 4138 ν

239 4185 340 4248 Doglel
366 4183 438 4248 Dipl.
462 4185 529 4246 lieg.
553 4183 648 4234 Polou.
672 4184 702 4233 Τ.
727 4183 745 4232 Ι.
770 4196 794 4246 p.
820 4185 861 4235 llll.
879 4211 911 4221 -
935 4187 963 4234 et
988 4181 1148 4233 llovachlolr
1169 4179 1247 4230 vest.
1268 4179 1366 4232 comte.

239 4268 264 4318 p.
287 4255 348 4307 23³.
379 4283 408 4294 -
431 4254 463 4304 lt.
489 4253 517 4302 in
539 4248 662 4318 Dlsquls.
687 4252 759 4314 fltat.
780 4256 814 4308 de
837 4253 908 4308 mod·
932 4267 1008 4310 ooufl.
1031 4266 1129 4314 numm·
1152 4251 1219 4324 Imp·
1238 4250 1364 4309 Manliae.

188 4383 217 4459 ἆ)
236 4323 424 4459 gfffflffi,
438 4391 509 4457 Pray
523 4403 549 4460 p.
565 4391 626 4449 132.
1425 4352 1428 4357 ι
