3144 4860
1327 185 1379 266 'ld

185 356 263 430 aliis
283 377 360 428 eam
378 356 604 452 personalem
622 359 804 431 nominare
831 357 1102 456 praeplacebat,
1131 359 1255 455 quibus
1275 359 1378 433 scili-

185 468 242 530 cet
261 458 508 553 inseparabilis
527 459 617 531 haec
636 459 839 551 conjunctio
857 481 933 534 rem
952 461 1117 536 decidere
1135 484 1207 534 non
1225 461 1381 553 videtur,

185 582 275 656 quae
292 559 505 637 conditionis
523 563 635 635 instar
653 564 730 636 sine
750 583 818 658 qua
836 567 1243 660 non,·praoexlstcntiae
1262 587 1380 658 augu-

185 671 262 736 stae
280 665 463 754 regnantis
493 663 711 760 Dynastiae,
740 665 819 736 dum
845 666 1001 740 disertim
1027 667 1267 764 adoptaretur,
1294 667 1378 738 alli-

185 774 267 858 gata
284 763 369 853 luit,
397 765 549 861 indeque
567 767 729 860 Regnum
747 765 947 863 Hungariae
973 770 1111 866 legibus
1130 770 1379 842 fundamenta-

184 867 299 955 libus,
326 865 362 937 id
388 869 502 962 ipsum
519 869 651 965 liquido
672 871 953 964 enunciantibns,
980 872 1223 973 independens
1251 893 1378 945 acae-

185 971 272 1042 teris
290 970 487 1064 provinciis
505 992 589 1048 esse
607 995 680 1050 non
699 974 855 1051 desierit.

718 1149 754 1238 §.
783 1152 843 1224 80.

377 1337 390 1344 -
490 1277 737 1352 Oomectarr‘a
764 1283 1077 1370 praeminerent.

285 1399 447 1500 sentiant
474 1403 534 1477 alii
561 1404 598 1476 in
624 1402 715 1476 hanc
741 1407 1004 1496 quaestionem,
1031 1403 1082 1474 uti
1110 1399 1223 1476 cuivis
1255 1419 1378 1474 eorum

185 1499 345 1594 libuerit3
372 1504 532 1595 indoles,
559 1507 637 1596 via,
666 1515 703 1580 et
721 1503 1074 1596 consectariabuius
1101 1505 1242 1578 unionis
1258 1502 1381 1576 inse-

185 1607 370 1704 quentibus
400 1607 542 1684 indubie
570 1611 787 1684 consistunt:
816 1605 863 1682 Ut
884 1608 943 1698 jus
970 1611 1008 1681 in
1033 1605 1274 1682 llonarcbiam
1297 1603 1380 1677 Au·-

186 1712 350 1784 striacam
376 1714 570 1786 universim
595 1733 779 1789 commune
810 1713 880 1801 sit,
916 1733 958 1784 ac
985 1712 1167 1806 proprium
1192 1709 1379 1802 Augustae

184 1810 351 1887 Familiae
377 1814 599 1908 Principum3
625 1815 833 1910 immrium,
862 1823 1007 1907 atquae
1035 1811 1116 1886 huic
1134 1814 1272 1900 insunt,
1294 1809 1380 1884 lura

184 1914 407 2004 Maiestatica
424 1917 485 1985 uni
503 1925 660 2005 tantum,
690 1939 732 1986 ac
749 1916 799 1986 illi
817 1938 904 2012 praa
924 1915 1075 1986 caeteris
1095 1921 1296 2009 competat,
1324 1912 1381 1989 oui

182 2016 246 2088 lex
274 2012 432 2086 eandem·
451 2015 649 2086 immediate
679 2015 821 2086 addixit.
857 2015 1014 2089 Deinde:
1051 2025 1089 2089 ut
1120 2019 1178 2109 qui
1203 2016 1284 2104 jure
1307 2015 1380 2088 isto

183 2115 353 2188 Austriae
382 2135 515 2194 summa
539 2138 617 2189 curn
643 2125 822 2212 potestate
849 2126 1018 2212 praeest,
1045 2115 1141 2188 Idem
1168 2115 1381 2206 Hungariam

184 2237 349 2312 quoque,
378 2217 585 2313 adnexaque
604 2219 654 2290 illi
672 2219 818 2313 Regna,
847 2241 889 2289 ac
906 2219 1113 2291 Provincias
1131 2215 1380 2305 haereditarie,

170 2318 557 2417 inseparabiliter
587 2329 710 2414 regat,
740 2343 782 2392 ac
808 2321 1006 2414 gubernet3
1035 2319 1149 2393 -Ut
1179 2337 1288 2418 porro
1308 2340 1380 2390 non

185 2443 253 2496 una
283 2421 474 2496 earundem
502 2445 580 2494 curn
605 2423 749 2495 alterius
778 2422 1006 2513 detrimento,
1033 2425 1141 2517 inque
1168 2422 1381 2517 posterioris

185 2523 437 2621 praejudicium
454 2523 659 2616 faventius,
686 2548 810 2598 verum
837 2563 890 2580 -
907 2525 1006 2598 salva
1031 2527 1068 2598 in
1085 2523 1222 2618 reliquo
1251 2526 1381 2595 unius-

184 2629 356 2723 cujusque
374 2630 513 2702 interna
532 2628 770 2701 Consistentia
796 2667 849 2680 --
877 2629 1014 2722 aequali
1034 2629 1227 2710 communie
1244 2625 1383 2698 utilita-

185 2729 255 2816 tis,
285 2729 478 2826 salutisque
497 2728 563 2801 sub
581 2729 703 2803 obtutu
726 2729 964 2823 gubernetur,
993 2738 1208 2826 quapropter
1237 2731 1268 2801 si
1285 2729 1343 2799 cui
1361 2748 1382 2800 e

188 2829 395 2922 ditionibus,
422 2831 492 2904 boc
516 2831 621 2903 modo
650 2833 888 2920 consociatis,
917 2832 960 2903 ab
978 2831 1081 2905 hoste
1106 2833 1263 2904 imminet
1280 2831 1383 2926 peri-

188 2933 322 3024 culum,
346 2935 478 3029 junctis
509 2931 645 3008 viribus
675 2933 719 3005 ad
747 2933 1021 3032 propulsandum
1048 2933 1134 3006 illud
1158 2930 1381 3006 concurrant.

185 3033 305 3107 Verbo
325 3035 496 3130 denique:
525 3045 564 3108 ut
582 3035 745 3130 quamdiu
768 3037 927 3128 gloriosa
945 3037 1034 3108 haec
1052 3058 1213 3133 propago
1232 3035 1382 3107 -Deo

184 3139 280 3210 votis
298 3141 431 3212 nostris
461 3149 638 3211 annuente
666 3137 974 3234 -superfuerit,
1005 3138 1208 3230 Hungaria,
1237 3147 1274 3208 et
1292 3158 1383 3232 quae

185 3238 228 3314 ad
247 3241 394 3313 eandem
421 3249 606 3337 spectant,
628 3242 864 3334 integrantem
883 3240 1022 3336 quidem
1048 3239 1277 3312 Monarchiae
1294 3260 1383 3335 par-

184 3351 255 3417 tem
274 3343 487 3432 constituat,
514 3351 655 3416 maneat
672 3353 789 3417 tamen
806 3343 968 3438 Regnum
986 3345 1141 3441 propriis
1159 3343 1298 3438 legibus
1317 3363 1383 3414 re-

186 3445 359 3541 gendum,
394 3463 474 3516 nana
502 3450 651 3535 utraque
681 3448 892 3536 occasione,
921 3469 989 3540 qua
1023 3447 1117 3516 illius
1148 3455 1289 3540 sceptra
1317 3466 1383 3514 re-

187 3550 308 3644 gnanti
335 3546 464 3619 Domui
493 3553 590 3617 certa
623 3542 842 3616 haereditate
879 3552 1016 3615 asserta
1047 3553 1149 3632 sunt,
1186 3545 1383 3617 solenniter

188 3650 387 3749 stipulatum
416 3658 493 3722 erat
521 3647 574 3740 ·):
603 3654 640 3718 ut
670 3648 786 3743 quivis
812 3647 928 3742 Regni
961 3644 1158 3722 Successor
1184 3644 1382 3745 diplomatis

186 3751 402 3850 inauguralis
432 3749 677 3840 conditiones,
704 3749 789 3822 Jura
818 3751 925 3840 item,
962 3772 1010 3822 ac
1030 3747 1214 3824 libertates
1246 3757 1382 3838 sancte,

189 3878 231 3929 oo
247 3855 499 3930 inviolabiliter
527 3852 719 3944 observet,
749 3853 1005 3950 observarique
1025 3852 1154 3945 iaciat,
1183 3861 1287 3949 atque
1318 3871 1385 3924 so-

187 3956 285 4032 lenni
318 3959 538 4054 Diplomate,
577 3966 614 4032 et
638 3954 874 4048 lurisjurandi
903 3954 1132 4032 Sacramento
1174 3954 1384 4029 confirmare
1474 4014 1476 4018 .

188 4068 373 4150 teneatur,
400 4061 505 4157 idque
531 4060 722 4135 occasione
750 4059 929 4157 legitimae
949 4056 1221 4152 Coronationis,
1251 4059 1294 4132 de
1315 4080 1383 4156 qua

192 4166 355 4258 sequenti
376 4159 499 4259 Capite
519 4172 655 4256 agetur.

183 4306 397 4322 m

220 4375 246 4444 ⁸)
268 4379 336 4432 dani
349 4380 426 4437 1723.
445 4383 470 4436 1.
489 4375 524 4437 2.
535 4381 559 4438 3.
575 4387 602 4436 et
617 4381 646 4436 ln
660 4373 703 4436 bia
722 4396 836 4450 provoc.
852 4383 930 4439 1687.
945 4383 971 4438 2.
986 4389 1014 4438 at
1028 4383 1054 4440 ³.
1075 4388 1103 4437 et
1122 4383 1198 4440 1711.
1211 4384 1229 4439 2
1244 4387 1273 4438 et
1286 4381 1312 4438 a.
