3138 4858
1297 212 1346 288 15

151 396 294 472 semper
316 374 470 450 inerunt.
498 374 648 452 Primum
674 377 828 470 genuina
846 375 910 450 sub
937 374 1070 467 forme,
1096 377 1252 474 liuius
1271 386 1347 459 soi-

148 479 253 568 lioet,
278 477 530 575 Minusque
560 475 778 552 cancellaria
813 477 927 572 Regia
958 477 1158 574 Hungarioa
1192 505 1347 561 conser-

44 635 52 649 .
148 582 271 670 vovit,
301 589 337 652 et
355 581 400 654 ed
426 583 571 677 quasvis
598 581 788 654 Diuesterii
806 581 1055 677 expeditiones
1083 582 1246 660 adhibuit.
1275 587 1347 660 Al-

147 690 281 774 terum,
307 681 510 758 Personelis
538 683 768 756 Praesentioo
794 679 932 778 Regiae
959 685 998 756 in
1022 681 1170 758 Jndieiis
1188 686 1346 760 Looum-

146 786 284 856 tenenti
304 784 564 874 concreditum,
591 806 656 880 pro
675 778 941 875 instrumentis,
961 794 1066 880 atque
1084 783 1259 862 Mendetis
1276 787 1346 860 Ju-

148 881 304 958 dieiariis
323 889 466 959 nomine
484 889 588 979 regio
605 883 817 958 roborandis
835 883 890 976 *).
910 885 1093 958 Annulare
1112 887 1248 962 demum
1266 890 1346 986 pri-

145 987 266 1076 uatis,
293 987 354 1060 vel
373 987 497 1061 subitis
516 987 691 1083 Principis
708 988 864 1080 negotiis
884 986 942 1060 diu
961 986 1172 1094 destinatum
1190 1001 1278 1064 erat.

188 1107 228 1191 ἰ)
251 1108 406 1172 iudiciale
428 1109 574 1192 Sigillum
595 1109 629 1170 in
658 1107 814 1187 prinoipio
836 1109 920 1170 bend
941 1108 1044 1172 luisse
1065 1111 1105 1173 ab
1127 1112 1215 1196 ragio
1234 1112 1344 1176 diver-

231 1213 334 1296 som&
351 1213 401 1298 οι.
411 1197 443 1258 3.
466 1194 609 1258 Ledlslui
640 1194 763 1294 deoreto
780 1194 813 1276 ⁸)
843 1193 951 1276 eolligi
979 1203 1193 1298 pateantque
1214 1196 1344 1300 jubetur
1387 1273 1399 1280 ,

230 1278 1344 1448 13333ιέ33323.,Ρζὶῗῗῖῖιῗὲᾙῗι“ἓ.“ἒὲῗ..ἱῖῖῖ’ἒίι“ἕιῗ.ζῖι.ῑῖ

231 1458 288 1528 „nt
310 1451 391 1516 siunt
412 1451 509 1536 Regis
541 1468 604 1514 una
632 1458 681 1512 est
711 1447 829 1524 Corio,
860 1458 890 1512 et
918 1450 963 1512 ita
992 1469 1110 1514 unum
1132 1452 1341 1534 Sigillum

231 1534 413 1615 persistet.“
1054 1562 1059 1570 ·

659 1725 696 1811 §.
725 1725 811 1799 339.

418 1877 582 1950 Materia
599 1878 809 1967 Regiorum
826 1873 1061 1965 Sigillorum.

102 2109 106 2120 Ι
244 2021 393 2093 Materia
417 2024 597 2114 regiorum
624 2019 828 2112 Sigillorum
857 2019 933 2104 diu,
961 2019 993 2088 si
1019 2016 1154 2088 Bullam
1181 2019 1337 2092 Auream

145 2125 289 2210 demae,
316 2126 353 2193 ln
369 2119 549 2214 Hungaria
566 2141 648 2192 oera
668 2119 746 2190 alba
764 2117 905 2204 iuerat3
932 2120 1107 2189 suecessit
1125 2139 1146 2188 a
1165 2123 1338 2211 tempori-

142 2224 208 2298 bus
227 2223 464 2317 sigismundi,
492 2234 597 2317 atque
616 2221 756 2295 Alberti
773 2219 902 2292 rubrae
931 2237 1037 2306 usus,
1065 2216 1338 2312 Imperatoribus

140 2328 364 2419 potissimum
391 2324 451 2396 illa
470 2335 587 2397 aetate
606 2332 837 2410 reservatus,
866 2339 1014 2415 quornm
1037 2320 1234 2392 imitatione
1262 2343 1339 2396 eam

141 2426 262 2522 llegos
281 2429 395 2500 nostri
414 2425 480 2500 sibi
496 2428 678 2523 propriam
694 2422 923 2495 reddiderunt
941 2421 1057 2510 adeo,
1084 2430 1122 2492 ut
1151 2422 1337 2516 aliquando

140 2528 200 2600 illo
218 2529 349 2600 nomini
378 2528 524 2618 signare
551 2526 684 2598 lioitum
708 2525 827 2615 tarot,
853 2524 923 2598 nisi
939 2523 1105 2614 veniam,
1134 2532 1193 2594 out
1222 2525 1338 2618 privi-

141 2627 272 2724 legiam
290 2628 446 2725 desuper
465 2637 660 2702 oonseouto
690 2625 739 2717 h).

656 2827 694 2915 S.
723 2828 809 2900 340.

578 2975 640 3049 IV.
669 2972 899 3047 desidentia.

241 3144 340 3220 Siout
358 3145 442 3218 olim
467 3145 627 3216 universi
654 3141 732 3214 fere
750 3162 816 3237 per
832 3137 1010 3235 Europam
1034 3138 1253 3232 Rogamus,
1286 3143 1335 3216 ite

138 3256 322 3320 nostrates
349 3267 489 3340 quoque
526 3245 659 3316 nullum
696 3239 951 3337 quodammodo
986 3239 1093 3312 lixum
1122 3239 1334 3316 domioilinm

136 3352 258 3444 primis
285 3346 513 3420 Monerobiae
537 3348 647 3418 initiis
678 3346 745 3418 sibi
772 3344 991 3437 delegerant.
1029 3340 1207 3415 Interdum
1238 3343 1333 3418 stri-

137 3452 236 3542 gonii
252 3447 319 3541 *);
346 3447 660 3539 Andegavensium
683 3448 851 3541 prosapie
871 3448 939 3518 soti
956 3443 1147 3539 Visogradi
1171 3465 1332 3519 eommu-

134 3555 229 3623 niter
256 3548 470 3625 residebant.
508 3545 692 3620 Habebunt
718 3556 907 3640 praeterea
939 3565 1062 3641 sparsa
1087 3558 1152 3640 per
1170 3543 1332 3638 Regnum

134 3651 287 3748 palatia,
321 3651 381 3723 ubi
419 3671 484 3744 per
519 3650 620 3722 vioea
661 3648 988 3735 commorabantur3
1025 3643 1083 3719 hio
1121 3645 1330 3720 tuendorum

135 3752 254 3825 linium
272 3755 409 3846 gratie,
435 3750 509 3822 illie
525 3749 687 3845 publicae
714 3755 767 3822 rei
793 3747 1061 3845 procurandae,
1089 3746 1236 3842 durique
1266 3771 1332 3824 su-
1446 3795 1448 3800 -

133 3875 257 3948 premo
278 3851 427 3926 dicendo
446 3854 596 3939 intenti3
624 3873 728 3946 quem
746 3854 781 3922 in
800 3851 930 3939 linem,
958 3859 997 3921 ut
1027 3852 1216 3944 quotannis
1233 3850 1330 3923 festo

136 3954 208 4028 divi
225 3955 396 4054 Stephani
415 3953 530 4028 Albae
558 3951 696 4046 Regiae
714 3952 911 4028 solenniter
927 3960 1140 4048 praesentes
1167 3962 1330 4044 egerent,

127 4093 346 4110 Ἢ

163 4165 189 4230 ⁸)
208 4169 238 4224 Ιι.
253 4169 278 4222 3.
296 4169 325 4220 (l.
339 4171 366 4224 3.

162 4254 190 4319 b)
208 4255 286 4306 cont.
297 4257 477 4308 schwertnor
489 4257 559 4310 latr.
573 4256 601 4308 in
614 4262 666 4310 ert.
684 4256 793 4324 dlplom.
811 4256 854 4309 ed.
870 4257 896 4308 2.
914 4255 945 4310 P.
962 4257 999 4309 11.
1017 4256 1048 4308 c.
1061 4252 1088 4312 l.
1105 4251 1129 4319 i.
1148 4254 1208 4309 ¹10.
1224 4260 1253 4310 ot
1268 4267 1326 4322 seq.

210 4330 239 4376 et
253 4323 325 4391 ntpt.
340 4326 408 4380 laud.
420 4325 455 4380 V.
468 4328 536 4396 Bag.
556 4342 597 4394 op.
616 4329 687 4396 Proy
699 4327 823 4384 Analeet.
835 4327 866 4380 Ρ.
882 4326 931 4383 111.
949 4340 976 4394 p.
993 4327 1053 4383 136.
1068 4331 1097 4380 et
1109 4338 1169 4392 aeq.
