3144 4860
1346 202 1495 327 55

192 436 335 496 versum
370 419 448 510 ejus
488 417 682 506 doctrinam
719 416 922 514 Scriptores
955 418 1042 494 clari
1068 421 1219 498 nummis
1249 423 1282 517 ·)
1310 418 1391 496 data

194 543 304 620 opera
322 518 508 617 aliquando
526 523 735 617 prosequuti
753 529 844 595 sunt.

726 669 763 756 §.
794 671 854 742 44.

355 801 579 889 Harpal-rae
594 795 789 889 'adplirc'tr‘c
810 799 1100 888 eopnoecendae
1117 816 1216 874 cunt.

192 917 206 1020 f
292 921 520 1018 Adplicemus
535 923 609 1012 jam
627 921 671 993 ad
682 919 859 995 Coronam
869 920 1069 1016 Hungariae
1088 925 1280 1000 indubitata
1299 925 1388 1000 haec

188 1027 350 1100 criteria:
377 1027 585 1098 Provincias
616 1022 660 1094 ad
686 1025 833 1097 eandem
858 1025 940 1096 olim
971 1030 1192 1119 pertinentes
1228 1028 1399 1119 legitime.

188 1130 301 1203 fuisse
327 1147 538 1225 possessas,
572 1133 609 1196 ut
646 1128 797 1220 opaulo
825 1126 1120 1222 praecedentibus
1158 1128 1309 1201 dilucide
1336 1170 1388 1184 -

188 1238 354 1328 quantum
382 1228 465 1302 mihi
489 1227 630 1302 videtur
658 1267 709 1279 -
736 1233 1006 1324 perspeximus,
1042 1232 1095 1302 sic
1127 1253 1194 1326 per
1223 1233 1387 1322 injurium

187 1335 352 1420 avulsas,
381 1334 449 1404 uisi
475 1332 588 1402 onmis
613 1328 792 1402 Historiae
820 1334 977 1420 ignarus,
1006 1351 1071 1402 seu
1097 1336 1247 1425 partium
1266 1335 1381 1405 studio
1443 1356 1445 1362 ’

127 1444 129 1448 ’
187 1445 310 1532 captus
329 1437 491 1521 exsistat,
510 1452 614 1503 nemo
633 1450 724 1502 unus
742 1429 877 1502 inficias
895 1433 1012 1502 iverit.
1028 1431 1132 1502 Anne
1151 1433 1293 1505 defendi
1312 1458 1382 1506 va-

185 1537 272 1611 lebit
282 1537 490 1608 Dalmatiam
506 1541 589 1626 post
600 1531 690 1619 adeo
709 1531 900 1625 legitimum
919 1553 962 1602 ac
980 1531 1164 1604 solennem
1182 1534 1383 1616 abdicatio-

184 1662 278 1727 nem,
299 1638 411 1733 qualis
430 1635 611 1708 Ludovico
627 1635 728 1727 Rege
747 1639 783 1707 in
801 1633 962 1706 favorem
980 1634 1096 1728 Regni
1116 1638 1170 1706 sui
1179 1635 1381 1729 Hungariae

185 1765 206 1813 a
232 1742 380 1814 Venetis
405 1738 499 1811 facta
527 1737 642 1808 fuerat
669 1737 783 1829 (12),
824 1735 1063 1809 abdicantibus
1091 1758 1155 1832 per
1184 1738 1382 1834 Principem

184 1843 422 1936 alienigenam
447 1841 686 1933 usurpationis
714 1839 843 1910 ambitu
874 1836 1052 1911 foedatum
1081 1836 1208 1928 vendi,
1246 1863 1381 1935 perque

183 1945 266 2017 illos
285 1944 418 2034 absque
442 1941 513 2030 ulla
543 1938 621 2008 data
641 1960 747 2010 causa
775 1940 894 2011 valide
913 1942 1081 2035 occupari
1098 1943 1285 2033 potuisse?
1313 1943 1382 2014 Vel

183 2045 279 2116 forte
303 2041 497 2130 Hedvigis‚
525 2036 697 2129 hujusque
722 2043 866 2107 maritus
894 2038 1271 2131 Uladisluusdagello,
1300 2044 1380 2115 dum

184 2147 263 2217 sine
291 2141 365 2213 ullo
390 2141 488 2230 justo
517 2136 757 2230 augendorum
776 2136 893 2210 finium
920 2138 1019 2209 titulo
1046 2137 1209 2209 Russiam
1226 2143 1379 2235 rubram,

180 2242 441 2330 Bessarabiam‚
460 2239 712 2334 Podoliamque
733 2238 867 2312 Mariae
878 2240 944 2313 1⁰¹³·
961 2242 1017 2328 vi,
1037 2238 1232 2334 fraudeque
1251 2242 1378 2314 adem-

145 2400 148 2406 ·
181 2358 265 2437 tam,
285 2336 360 2419 eta
378 2341 603 2437 Sigismundo
621 2352 749 2439 postea
768 2345 876 2417 toties
896 2345 1082 2437 repetitam
1100 2348 1290 2415 restituere
1311 2345 1380 2416 de·-

181 2457 389 2536 erectarum,
414 2447 495 2536 jura
525 2441 690 2516 Coronae
718 2444 940 2538 Hungaricae
967 2445 1187 2532 inditiones,
1215 2448 1247 2515 ei
1268 2447 1381 2520 adhue

182 2551 246 2623 sub
275 2551 492 2621 domesticae
519 2546 646 2642 Stirpis
677 2546 834 2639 Regibus
861 2548 1060 2637 obnoxias,
1097 2549 1377 2622 exstinxerunt?

181 2652 249 2726 Vel
276 2650 428 2744 denique
455 2647 682 2721 barbarorum
708 2647 808 2720 furor
841 2650 1005 2745 Europae
1039 2647 1215 2720 excidium
1240 2648 1374 2722 inferre

181 2763 347 2826 aestuans
365 2770 431 2847 pro
446 2752 543 2840 justa
561 2772 668 2824 causa
686 2748 804 2822 luerat
820 2750 1021 2844 Hungariae
1047 2759 1179 2824 tantam
1201 2751 1375 2841 jucturam
1459 2811 1468 2826 ,

151 2900 156 2910 ·
180 2853 385 2928 inferendi?

717 3001 755 3088 §.
783 3003 843 3075 45.

549 3130 652 3215 Quae
674 3129 1015 3222 praesensionibus.

281 3251 386 3325 Nullo
412 3256 517 3326 etiam
548 3252 694 3349 speciali
722 3251 818 3324 facto
849 3255 1046 3341 evincitur,
1079 3251 1201 3346 Reges
1234 3259 1378 3328 nostros

180 3354 366 3452 aliquando
393 3354 590 3427 Provinciis
618 3353 781 3441 circlis,
802 3357 879 3426 sive
910 3355 1056 3449 reliquis
1075 3354 1231 3448 legitime
1250 3359 1375 3450 partis,

178 3481 221 3531 ac
246 3479 311 3553 per
337 3457 498 3546 injuriam
524 3457 664 3538 amissis
691 3458 943 3542 renunciasse;
972 3466 1008 3526 at
1034 3479 1122 3529 vero
1162 3460 1377 3528 contrarium

177 3581 249 3632 non
283 3561 386 3631 unius
425 3559 568 3650 generis
605 3562 704 3624 actus
742 3554 911 3626 solennes
948 3555 1170 3624 manifestum
1213 3556 1374 3628 reddunt.

178 3662 274 3734 Talis
301 3669 357 3732 est
384 3658 601 3733 enumeratio
628 3655 764 3726 illarum
791 3655 827 3726 in
844 3656 946 3748 regio
975 3651 1075 3726 titulo
1095 3657 1261 3727 continue
1280 3659 1375 3727 visi-

176 3761 266 3836 bilis.
306 3762 384 3834 Mos
424 3765 461 3833 in
498 3759 588 3830 hanc
621 3765 779 3830 nestram
806 3764 958 3829 aetatem
995 3763 1155 3828 retentus
1185 3760 1375 3829 occasione

176 3863 460 3956 lnaugurationis
488 3863 694 3932 amissorum
721 3859 926 3950 Regnorum
962 3856 1139 3951 Insignia,
1168 3861 1203 3929 in
1231 3859 1377 3930 totidem

175 3965 319 4036 'vexillis
339 3965 542 4058 conspicua,
563 3959 766 4033 coronando
779 3961 932 4054 Principi
949 3960 1189 4054 praeferendi,
1207 3961 1373 4033 luculan-

176 4075 248 4136 tum
274 4068 358 4136 item
381 4066 472 4154 juris
509 4065 601 4156 regii
628 4063 835 4132 exercitium
862 4064 899 4132 in
932 4062 1153 4134 nominandis
1187 4059 1375 4156 Episcopis

177 4165 222 4237 ad
238 4166 436 4238 Dioeceses
465 4164 548 4236 olim
570 4164 720 4259 partium
749 4165 977 4253 amissarum,
998 4164 1101 4254 juxta
1119 4184 1277 4238 normam
1295 4164 1373 4236 Re-

179 4293 381 4399 mun—
395 4337 429 4388 de
455 4335 517 4390 tar.
545 4334 615 4387 aeto
638 4341 667 4386 at
690 4334 754 4386 Pac.
780 4361 813 4374 -
837 4335 911 4387 san.
937 4333 1107 4403 Podandus,
1130 4335 1158 4392 lu
1184 4335 1245 4392 dur.
1267 4336 1328 4392 Nat.
1346 4342 1373 4390 et

257 4405 338 4462 Gent.
356 4429 392 4446 ι-
409 4404 504 4474 ltdetg.
522 4402 614 4459 venti
629 4411 746 4474 uterquc
764 4404 792 4458 lu
811 4399 955 4472 addeceat
971 4415 1002 4464 tt·
