3144 4860
726 434 763 521 §.
790 437 851 510 42.

639 563 679 635 Ε
698 561 950 652 pervalidae.

291 711 478 796 Quaeritur
505 703 592 803 ergo
617 711 763 782 merito:
792 707 876 803 quid
898 709 989 800 juris
1028 713 1182 806 supersit
1210 708 1390 801 Coronae,

187 812 416 908 Regibusque
446 812 648 906 Hungariae
675 814 711 882 in
735 813 942 884 Provincias
963 811 1046 884 olim
1070 814 1184 885 suas?
1210 813 1267 886 Ad
1284 835 1389 907 quam

189 917 433 1010 quaestionem
466 919 606 1006 integre
634 913 852 985 enodandam
878 916 1026 1008 praevie
1060 915 1229 1009 indagare
1270 935 1389 1011 expe-

166 1018 274 1105 diet,
303 1017 427 1110 quibus
445 1020 481 1089 in
505 1019 587 1108 jure
615 1014 732 1086 finium
751 1019 932 1112 principiis
963 1012 1129 1089 utendum
1148 1022 1212 1106 slt,
1239 1017 1389 1112 nequid

188 1121 319 1210 injuste
339 1122 558 1214 suscipiatur.
582 1117 665 1190 Non
684 1122 777 1191 enim
795 1123 943 1213 quaevis
962 1141 1213 1215 possessorum
1230 1141 1390 1216 recupe-

188 1218 379 1292 randorum
397 1225 555 1310 occasio,
585 1229 622 1292 et
646 1224 737 1293 ratio
758 1225 980 1317 quantumvis
1006 1233 1203 1319 opportuna
1221 1222 1291 1295 hoc
1308 1227 1387 1317 ipso

183 1324 344 1414 justitiae
363 1344 505 1419 semper
523 1327 692 1396 convenit
709 1349 718 1412 3
745 1347 869 1398 verum
889 1347 932 1395 ea
952 1324 1101 1416 demum,
1121 1347 1210 1420 quae
1230 1347 1302 1396 non
1320 1324 1388 1395 alr·-

188 1424 350 1496 lr'orret'tr
369 1424 515 1519 regulis,
536 1425 660 1519 quilrus
679 1430 951 1520 praetensiones
972 1427 1015 1498 de
1034 1427 1160 1504 finibus
1178 1432 1270 1501 inter
1287 1426 1382 1498 lilre-

186 1547 246 1602 ras
265 1536 392 1624 gentes
410 1531 618 1602 necessario
634 1527 794 1619 judicare
814 1538 967 1625 oportet.

752 1789 759 1804 .
789 1735 850 1806 43.

505 1861 568 1955 lle,¹
579 1863 673 1948 jore
696 1733 826 1946 fidium
852 1861 1064 1954 reperero.

289 2006 404 2078 Prima
431 2007 555 2100 regula
580 2006 670 2081 haec
698 2016 797 2080 esto:
826 2008 952 2093 Quae
988 2011 1136 2082 semel
1169 2015 1213 2082 in
1247 2022 1388 2106 pote-

188 2117 385 2199 statem,
427 2118 474 2182 et
511 2113 810 2182 territorium
849 2108 1077 2185 Civitatis
1117 2117 1213 2186 rite
1249 2114 1389 2187 deve-

172 2222 385 2301 vnerunt,
412 2215 460 2283 in
496 2233 548 2283 ea
571 2215 646 2303 jus
682 2212 759 2283 illi
785 2223 1059 2308 perpetuum
1086 2227 1263 2306 manet,
1290 2217 1389 2288 nisi

187 2317 405 2408 deinceps
437 2316 610 2387 iterum
642 2315 794 2412 justa,
831 2337 882 2385 ac
915 2315 1131 2410 legitima
1169 2321 1388 2392 interve·
1453 2359 1459 2364 -

12 2497 19 2505 ,
114 2429 117 2436 ’
185 2420 309 2488 uerit
344 2417 558 2487 mutatio.
595 2417 741 2489 Altera:
777 2415 878 2486 Eam
913 2427 1054 2490 antem
1082 2421 1388 2492 mutationem
1454 2445 1462 2460 *

137 2520 139 2524 ’
186 2516 372 2590 nonnisi
415 2536 495 2610 pro
537 2515 750 2609 legitima
799 2537 907 2589 esse
947 2517 1219 2607 habendum,
1261 2543 1386 2615 qnae

184 2630 335 2691 mutuo
378 2621 581 2711 partium
629 2638 862 2691 consensu
904 2642 1156 2715 expresso,
1202 2624 1282 2694 vel
1316 2632 1387 2693 ta·-

186 2725 311 2809 oito,
346 2718 509 2791 valide
545 2722 779 2815 utrinque·
804 2723 1132 2816 interposito,
1160 2745 1211 2795 nc
1238 2723 1388 2796 suifi-

186 2825 389 2894 cieuter
426 2819 683 2893 declarato
722 2824 900 2893 nititur
939 2826 985 2914 ⁸).
1031 2825 1175 2896 Tertia:
1223 2826 1389 2897 Prae-

157 3001 160 3006 ,
187 2923 403 3017 scriptio,
432 2945 534 3016 quam
561 2927 654 2995 iuter
672 2933 799 3017 gentes
818 2923 949 2996 liberas
979 2925 1134 3019 alioquin
1152 2937 1284 3020 negant
1301 2927 1387 3021 ple-

179 3029 287 3119 rique
317 3021 351 3113 bJ
380 3022 564 3113 obtinere,
603 3028 901 3121 quantumvis
939 3025 1163 3098 diuturno
1207 3033 1389 3100 innita-

184 3139 260 3201 tur
293 3129 515 3220 tempori,
556 3128 632 3198 rei
666 3127 921 3198 derelictae
964 3127 1177 3201 idoneam
1218 3131 1389 3220 conje-

187 3238 365 3300 cturam
401 3228 563 3299 relato
601 3227 655 3298 ad
691 3229 968 3320 provincias
1007 3230 1213 3318 avulsas,
1250 3252 1389 3302 oecu-

184 3337 414 3425 pa-tesve,
453 3329 521 3398 ibi
555 3336 684 3399 certe
724 3330 911 3397 omnium
950 3333 1125 3402 minime
1162 3332 1388 3427 suppedi-
1445 3353 1447 3356 ·
1568 3323 1569 3354 l

132 3442 134 3446 ’
185 3442 292 3502 aare
327 3437 508 3522 potest,
560 3427 634 3498 ubi
669 3438 802 3500 actus
839 3434 1049 3522 positivi
1094 3437 1390 3504 contrarium

187 3532 381 3617 docent;
421 3529 551 3615 Quarta
581 3528 735 3630 demum:
775 3528 910 3602 Fines
948 3533 1101 3624 Regni
1138 3537 1180 3604 in
1216 3555 1390 3629 perpe-

187 3643 328 3718 tuum,
375 3635 677 3704 assentiente
711 3633 1030 3704 tautummodo
1067 3635 1269 3729 populo,
1305 3658 1390 3709 va·-

187 3732 285 3803 lide
334 3729 686 3817 abalienantur,
738 3730 925 3823 quando
968 3755 1242 3808 consensus
1286 3739 1389 3808 iste

186 3829 345 3927 pactis
380 3826 816 3900 fundamentalibus
851 3844 1131 3905 reservatus
1175 3835 1389 3925 hahetur,

149 3935 150 3938 ’
186 3931 382 4002 tametsi
420 3936 651 4015 extrema,
691 3940 836 4022 atque
875 3932 1073 4004 evidens
1109 3941 1388 4030 necessitas

187 4026 463 4123 quandoque
510 4026 661 4096 aliud
695 4030 775 4100 vel
809 4030 1031 4118 suadeat,
1075 4036 1159 4106 vel
1211 4047 1387 4110 extor-

187 4138 341 4223 queat.
372 4126 559 4198 Generalis
578 4119 672 4198 haec
685 4138 765 4200 sunt
785 4127 827 4198 de
845 4129 930 4200 Jure
948 4129 1065 4231 finium
1087 4137 1273 4232 principia,
1294 4142 1389 4209 'uni-

184 4337 187 4342 '
216 4338 385 4396 atriorem.
404 4338 615 4393 terrineam.
634 4342 705 4407 publ.
727 4343 819 4394 Germ.
839 4343 866 4393 Ιι.
884 4344 908 4392 2.
929 4342 958 4393 0.
977 4343 1000 4394 1.
1021 4341 1043 4408 d.
1062 4348 1086 4399 s.
1106 4343 1131 4399 l.
1149 4355 1252 4419 etseq.

215 4409 244 4476 1³)
263 4407 368 4494 Brduig
386 4408 419 4462 de
436 4407 678 4479 praescript'durl
697 4413 826 4467 Gentium
844 4410 980 4480 Incognita
998 4416 1120 4484 altosque
1138 4429 1247 4482 recent.¹
