3144 4860
696 521 707 540 ι.
736 472 796 544 60.

348 587 351 594 ’
488 594 655 667 Perinde
670 471 819 688 {epum
837 592 968 670 altera.

237 717 276 792 Si
302 717 497 813 praemissa
521 719 670 792 ulterius
696 720 809 792 adbuc
837 714 1089 816 expendimus,
1118 731 1332 816 potestatem

132 822 253 912 Reges
283 818 483 912 deligendi,
518 825 705 895 exstinctis
741 823 944 894 domesticis
972 822 1087 896 virilis
1116 823 1330 896 conditionis

131 921 369 1016 Principibus,
390 920 434 991 a'd
452 921 562 994 libera
584 923 706 996 Gentis
726 925 891 1016 suffragia
916 929 1057 1020 penitus
1072 923 1194 995 redire
1215 925 1330 1046 opor-

131 1025 237 1097 tebat.
265 1019 354 1094 Nam
372 1032 410 1094 ιιι
435 1025 704 1121 qualicunque
690 1047 772 1117 pure
790 1025 979 1116 Familiae,
1008 1024 1166 1097 diadema
1194 1030 1333 1120 regium

132 1127 176 1208 ad
203 1125 399 1246 faeminas,
435 1126 694 1223 earundemque
722 1140 890 1225 posteros
918 1129 1077 1222 legitime
1104 1131 1329 1225 pertinuerit,

130 1227 189 1300 ubi
205 1231 353 1324 praevie
380 1249 448 1300 nec
465 1238 568 1323 pacta
596 1230 690 1319 ulla,
718 1231 905 1324 necleges
925 1241 1065 1322 certas,
1094 1253 1136 1304 ac
1168 1231 1331 1306 stabilem

131 1329 345 1404 succedendi
365 1331 523 1403 ordinem
541 1331 601 1404 vel
619 1335 712 1403 inter
729 1333 907 1406 masculos
926 1335 1248 1430 praescripserunt,
1260 1356 1332 1405 ne-

132 1455 200 1527 qne
228 1431 454 1506 observantia
483 1433 693 1506 uniformem
720 1445 867 1506 eatenus
897 1456 1055 1506 normam
1081 1437 1331 1530 praeriguisse

130 1533 279 1625 indicat,
306 1538 370 1608 vix
388 1533 634 1628 aliquomodo:
673 1535 775 1608 nobis
803 1536 965 1630 equidem
992 1536 1061 1610 boc
1079 1539 1193 1610 minus
1208 1535 1333 1608 licebit

132 1637 328 1733 suspicari,
357 1640 521 1731 quoniam
550 1649 648 1712 actus
676 1638 862 1710 electionis
893 1641 994 1733 quasi
1020 1640 1208 1714 continuos
1238 1637 1332 1734 apud
1388 1727 1396 1734 ἢ

131 1760 196 1814 nos
215 1738 309 1811 lacto
327 1740 591 1832 intercessisse,
607 1763 679 1813 non
697 1751 830 1814 tantum
841 1741 999 1814 Annales
1014 1739 1200 1820 domestici
1212 1742 1330 1834 juxta,

131 1862 173 1912 ac
199 1843 394 1915 vicinarum
421 1837 584 1912 Gentium
610 1843 833 1915 uniformiter
858 1845 1070 1933 recensent,
1097 1864 1223 1917 verum
1252 1843 1332 1933 ejus

129 1940 301 2014 libertatis
320 1942 552 2029 exercitium,
581 1942 625 2013 ad
654 1964 781 2013 annum
798 1965 911 2036 usque
944 1946 1079 2016 rost-²·
1108 1945 1330 2038 productum,
1420 1987 1426 1995 «

129 2051 322 2130 tractatus,
352 2059 500 2135 quorum
527 2042 750 2130 authenticae
769 2042 924 2113 Tabulae
950 2054 1095 2137 praesto
1116 2057 1222 2135 sunt,
1249 2047 1330 2118 De-

128 2151 228 2214 creta
253 2141 386 2232 adhaec
414 2138 663 2235 Comitiorum,
692 2155 729 2216 ct
756 2142 1218 2239 inauguraliaDiplomata,
1247 2143 1330 2238 fide,
1412 2207 1419 2214 .

130 2245 186 2314 cui
213 2243 299 2316 nihil
328 2246 461 2346 opponi
488 2256 616 2341 queat,
644 2255 746 2322 extra
784 2269 923 2320 omnem
961 2256 1167 2343 posuerunt.
1189 2243 1332 2320 dubita-

130 2347 273 2418 tionem.

692 2530 700 2548 .
730 2478 790 2552 61.

470 2477 828 2696 Artdepaedazum
820 2601 994 2676 Famtffilra
1062 2649 1068 2656 -

201 2727 283 2801 Ιιι
302 2725 449 2804 carolus
467 2728 645 2803 Robertus
663 2737 747 2824 post
771 2713 844 2799 iata
863 2726 1031 2800 Andreae
1060 2721 1121 2798 ΙΙΙ.
1133 2725 1332 2822 ,indeque
1399 2778 1401 2783 ·
1537 2703 1539 2708 ⁵

130 2833 351 2906 continuatas
381 2844 552 2906 octennes
583 2830 727 2921 turbas,
763 2839 998 2926 posteaquam
1025 2777 1248 2902 factionibus
1269 2829 1335 2900 ιιι-ι
1373 2877 1375 2883 -

62 2938 65 2944 '
114 2935 222 3020 sisi,
250 2932 354 3006 modo
374 2937 500 3024 istum,
527 2955 622 3005 nunc
643 2932 742 3003 illum
771 2929 1050 3028 Competitorum
1076 2932 1213 3004 iteratis
1233 2951 1335 3002 con
1406 2961 1407 2968 ¹

127 2983 317 3108 venticulis
349 3036 486 3129 Regem
513 3035 814 3130 proclamassent,
851 3055 1096 3127 nequaquam
1092 3042 1201 3104 certo
1228 3030 1332 3121 lure,

128 3135 396 3254 immediataqne
415 3136 653 3210 Successione
671 3136 833 3230 Regnum
851 3133 960 3224 adiit,
987 3153 1113 3206 verum
1129 3131 1215 3203 illud
1232 3154 1327 3203 una-

127 3236 215 3306 nimi
233 3234 540 3334 duntaxatPopuli
559 3237 868 3312 acclamationem
887 3186 1027 3331 Carinpis
1046 3231 1329 3308 Rsiosiensitus
1403 3239 1406 3246 “

127 3336 277 3432 adeptus
296 3347 362 3414 est.

670 3464 707 3551 e·
728 3466 830 3556 ee.
906 3487 909 3496 ¹

412 3593 583 3684 Regnum
597 3593 693 3682 part·
706 3592 861 3660 rotrone
881 3584 1047 3658 obtenuit.

233 3716 386 3790 Probent
403 3716 439 3788 id
456 3725 511 3790 sat
529 3713 707 3810 superque
724 3710 806 3784 bina
824 3703 1059 3782 instrumenta
1079 3703 1255 3806 solennia,
1266 3713 1329 3780 to-

129 3816 237 3888 tidem
273 3818 499 3912 generalibus
535 3816 717 3905 Comitiis,
745 3812 871 3896 eodem
898 3799 1001 3898 loco,
1030 3807 1173 3884 diverso
1209 3820 1327 3899 tamen

128 3924 311 4014 tempore,
348 3919 577 4008 coadunatis,
612 3917 800 4010 evulgata3
835 3935 925 4010 quae
964 3911 1042 3983 dum
1070 3912 1116 3981 ad
1149 3917 1329 4005 peractam

130 4021 343 4094 electionem
370 4020 500 4094 diserte
528 4028 750 4115 provocant
751 4013 814 4108 Ἴ,
844 4013 946 4091 simul
972 4033 1045 4086 non
1064 4010 1215 4085 obscure
1233 4035 1328 4108 pan-

130 4121 235 4212 dunt,
262 4117 448 4219 Imperium
477 4121 599 4192 eadem
619 4122 824 4216 occasione
837 4139 910 4190 non
929 4112 1057 4187 carolo
1076 4113 1216 4204 solum,
1247 4113 1329 4188 sed

130 4223 229 4312 ejus
257 4246 434 4320 quoque
461 4209 720 4319 posteritati
740 4224 793 4293 sic
818 4219 932 4291 fuisse
961 4201 1158 4306 addictum,
1185 4210 1360 4288 utnul-

128 4325 201 4396 lum
219 4328 414 4398 iterum-
362 4347 476 4399 -ne
493 4335 667 4397 remotum
685 4321 893 4420 quidem-
840 4319 1093 4412 -regulatae
1111 4309 1332 4439 successio·-

128 4431 187 4502 nis
205 4429 395 4524 vestigium
411 4425 668 4526 praeseferant

1053 4479 1406 4618 ,5 Δ
