3094 4868
721 407 758 498 §.
788 411 873 486 656.

477 561 610 644 Ratio,
640 575 675 632 at
695 567 828 654 formo
859 557 1109 678 consultandi.

294 705 615 783 substernebantur
633 716 749 777 autam
768 703 943 777 Conclusa
963 702 1113 800 Collegii
1132 705 1235 796 hujus
1254 704 1391 798 Regiae

191 812 370 902 blajestati
387 832 453 905 pro
472 812 610 880 ratione
630 808 848 900 diversarum
875 810 1100 880 materiarum
1128 808 1245 878 medio
1265 809 1402 879 Proto-

192 913 299 1000 colli,
326 910 386 983 vel
406 912 568 983 distincta
585 913 859 1003 propositione;
887 908 1128 994 resolutiones
1146 932 1235 982 vero
1257 908 1399 981 daban-

190 1024 248 1086 tur
266 1018 302 1085 in
320 1014 471 1102 majoris,
494 1014 662 1082 momenti
689 1010 839 1100 object-is
869 1032 947 1080 cum
976 1014 1087 1105 ipsius
1115 1013 1288 1106 Principis
1308 1010 1399 1082 sub-

194 1116 409 1209 scriptione,
437 1116 645 1185 incaeteris
665 1111 944 1200 llliusnominc,
974 1111 1203 1206 subsignante
1231 1115 1397 1206 utrinque

195 1215 441 1304 Cancellari03
478 1218 598 1309 priora
624 1213 823 1308 Rescripti;
868 1216 1068 1307 posteriora
1095 1215 1241 1286 Decreti
1267 1236 1398 1286 nomen

197 1317 371 1406 tulerunt,
399 1328 435 1388 et
452 1319 521 1388 ista
537 1313 795 1388 recentioribus
815 1315 1030 1409 temporibus
1050 1320 1181 1412 passim
1207 1339 1272 1413 pro
1292 1316 1399 1390 lllan-

185 1419 283 1492 datis
304 1415 545 1490 cancellariae
573 1419 753 1511 inproprie
782 1416 944 1510 prolecto
974 1417 1123 1507 baberi,
1151 1421 1399 1514 nominarique

186 1529 402 1614 coeperant,
430 1520 569 1613 quando
588 1521 770 1611 utriusque
798 1521 941 1610 generis
961 1521 1122 1592 mandata
1152 1541 1313 1615 semper,
1338 1519 1400 1591 vel

193 1625 245 1692 uti
274 1624 504 1716 praemissum
533 1619 620 1709 fuit,
649 1642 670 1691 c
689 1623 844 1715 positivo
865 1620 975 1711 Regis
991 1624 1094 1712 jussu
1112 1623 1321 1716 procedunt,
1338 1621 1400 1694 vel

197 1732 316 1792 certae
334 1724 455 1794 innixa
474 1742 641 1810 normae,
670 1722 832 1812 analogis
853 1721 992 1794 casibus
1024 1727 1292 1819 praescriptae,
1320 1722 1400 1794 dum

193 1823 305 1915 Regis
324 1834 554 1918 conspectum
580 1823 783 1894 Protocolla
811 1823 983 1912 subeunt,
1020 1825 1196 1921 subsequa
1225 1825 1311 1915 Ejus
1330 1847 1400 1895 an-

187 1934 279 1996 nutu
298 1924 497 2015 firmantur,
525 1925 698 1998 interdum
729 1926 834 1996 etlam
854 1949 901 2000 cx
918 1925 1085 2016 Ejusdem
1115 1927 1258 2000 arbitrio
1278 1934 1399 1998 muta-

194 2029 327 2100 tionem
347 2032 550 2102 sortiuntur.

718 2233 752 2320 §.
783 2235 870 2308 657.

551 2381 732 2473 neptam
760 2390 799 2456 tn
825 2387 1034 2475 Hunoart'a.

301 2527 543 2602 Ancillabatur
561 2535 770 2625 praeprimis
798 2535 978 2604 recentius
998 2542 1101 2606 enata
1120 2532 1209 2606 haec
1237 2535 1400 2629 compel-

193 2627 279 2703 latio
308 2631 400 2721 illis,
436 2629 560 2726 quibus
591 2635 800 2726 principium
836 2634 918 2704 alibi
946 2635 1191 2709 adinventum:
1214 2637 1281 2728 „le
1299 2637 1399 2731 Roy

194 2754 368 2824 regne,
398 2743 444 2802 et
470 2753 524 2803 ne
558 2754 803 2824 gouvernc
830 2736 938 2828 pas“
966 2748 1110 2810 nostrae
1138 2761 1278 2832 quoque
1298 2737 1398 2812 Con-

197 2833 368 2904 stitutioni
394 2836 611 2926 appingere,
641 2843 676 2906 ct
702 2835 840 2927 Regem
866 2835 1066 2929 Hungariae
1094 2865 1114 2912 a
1139 2844 1313 2934 regimina
1338 2839 1398 2909 di-

197 2934 381 3024 stinguere
400 2932 552 3027 placnit3
580 2933 792 3032 Principium
811 2940 950 3032 inquam
969 2941 1012 3010 ad
1040 2946 1189 3038 optimas
1210 2946 1334 3032 etiam,
1354 2962 1397 3010 ac

197 3032 397 3106 salutiferas
423 3035 595 3131 Principis
627 3040 890 3132 ordinationes,
918 3045 1123 3138 regiamque
1151 3049 1397 3116 auctoritatem

194 3133 320 3207 callide
355 3137 475 3208 velato
506 3136 701 3231 Regiminis
737 3145 878 3212 nomine
913 3143 1169 3236 vellicandam,
1214 3144 1398 3216 admodum

194 3248 417 3330 oportunum,
431 3249 529 3310 certe
547 3241 725 3316 malevole
745 3263 765 3311 a
784 3243 899 3315 multis
909 3266 950 3314 ea
970 3247 1165 3318 intentione
1184 3267 1394 3342 propugna-

194 3347 287 3426 tum;
315 3338 417 3432 quale
438 3349 553 3411 tamen
582 3344 673 3437 apud
698 3363 764 3415 nos
783 3354 988 3439 receptum,
1017 3352 1242 3442 agnitumque
1269 3347 1395 3434 fnisse,

189 3445 430 3512 'commentum
450 3452 527 3530 est,
557 3445 651 3536 quod
677 3444 803 3538 leges,
831 3468 915 3519 usus
944 3460 1160 3544 perpetuus,
1189 3461 1293 3546 atque
1323 3469 1396 3520 no-

196 3549 269 3613 stra
289 3545 402 3618 omnis
422 3546 504 3619 aevi
521 3543 669 3620 historia
687 3545 851 3621 falsitatis
871 3559 993 3644 aperte
1015 3551 1259 3624 condemnant.

719 3749 756 3838 §.
785 3751 870 3826 658.

537 3899 569 3972 Α
595 3900 700 3991 Rapa
724 3908 906 3990 saporare·
928 3912 1067 3999 aequat.

254 4166 257 4172 ἢ
294 4067 376 4140 Non
393 4087 556 4160 regenam
585 4073 621 4142 in
651 4073 797 4167 probam
825 4071 929 4164 hujus
956 4077 1025 4146 mei
1050 4078 1190 4166 asserti,
1219 4096 1308 4169 qaae
1328 4074 1398 4148 lmc

195 4161 343 4258 faciunt,
372 4192 466 4241 ame
488 4171 593 4266 paulo
614 4185 696 4245 ante
730 4175 890 4271 prolata,
918 4199 1035 4272 neque
1074 4178 1175 4270 leges
1214 4179 1396 4268 adducam,

192 4275 334 4342 tametsi
361 4275 655 4345 cumulatissimae
684 4288 828 4369 praesto
860 4281 941 4367 sint,
970 4281 1138 4374 aprinis
1167 4279 1396 4352 Monarchiae

191 4370 302 4442 initiis
322 4370 504 4462 conditas3
531 4395 603 4447 non
621 4375 773 4470 denique
791 4399 924 4450 morem
949 4389 1133 4474 veterem,
1161 4405 1230 4478 quo
1257 4381 1393 4478 Reges,
