3122 4852
676 392 712 480 6.
746 397 835 468 568.

655 541 876 615 coronatae.

261 681 359 758 Haec
376 686 455 778 ejus
484 699 565 764 sunt
592 687 733 780 indolis,
761 701 801 764 ut
829 690 899 765 fixe
918 691 963 764 ad
994 692 1203 786 condignam
1232 694 1355 768 domus

158 789 281 881 regiae
308 793 602 864 sustentationem
619 790 803 886 designata
826 803 1056 890 reputentur3
1087 817 1155 890 qno
1189 795 1358 868 decanea

159 893 237 964 aine
256 889 414 966 Statuum
432 915 611 968 consensu
630 915 695 966 seu
724 898 760 968 in
788 904 889 986 tcto,
935 917 1000 968 seu
1021 899 1056 971 iu
1080 905 1181 991 perte
1210 897 1358 972 alienari

158 1006 358 1090 nequeunt3
386 997 537 1071 alienata
564 1017 677 1086 vero,
730 998 1010 1093 quandocunque
1046 999 1128 1071 talia
1165 998 1352 1093 aliquando

160 1097 274 1172 inisse
292 1103 565 1195 comperiretur,
591 1121 748 1174 coronae
767 1103 892 1174 iterum
909 1101 1135 1176 vindicantur
1147 1105 1165 1188 3'
1185 1102 1359 1195 quemad-

160 1200 300 1276 modum
328 1202 422 1275 istud
440 1225 461 1274 c
480 1200 741 1275 combinatione
758 1201 889 1300 legum,
918 1215 953 1276 ct
971 1206 1108 1277 iteratis
1128 1203 1302 1298 exemptis
1321 1200 1360 1274 iit

161 1326 263 1398 quem
285 1302 517 1378 clarissimum
546 1305 592 1395 ¹).
619 1305 792 1378 Domiuiis
812 1305 1037 1378 coronalibus
1064 1303 1248 1378 admodum
1267 1326 1360 1376 eona

163 1407 294 1500 spicuis
311 1403 353 1498 1)
372 1407 474 1500 leges
493 1414 637 1503 practer
655 1409 859 1482 Districtum
878 1408 1076 1504 Jauygum,
1123 1416 1159 1478 et
1179 1402 1362 1479 Cumano-

162 1529 238 1579 rum
268 1507 322 1598 1’),
359 1509 490 1581 liberas
518 1511 728 1604 regiasque,
765 1509 1016 1582 nomentanus
1044 1507 1214 1582 Civitates
1245 1509 1362 1581 adnu-

163 1621 299 1682 merant
329 1612 374 1701 ⁰),
393 1633 483 1706 quae
501 1611 586 1683 licet
597 1611 773 1686 diversam
786 1612 1026 1706 cathegoriam
1040 1622 1140 1683 -ut
1156 1609 1364 1684 vidimus-

164 1733 184 1781 a
204 1715 355 1784 caeteris
372 1714 476 1788 bonis
486 1713 713 1788 coronalibus
731 1712 892 1803 subeant,
911 1719 947 1786 in
966 1715 1087 1809 specie
1106 1721 1223 1784 tamen
1241 1734 1360 1809 pecu-

162 1811 246 1884 lium
263 1818 414 1908 regium,
432 1816 514 1888 Rex
540 1836 630 1890 vero
661 1816 850 1887 earundem
879 1815 1041 1888 dominus
1076 1817 1258 1888 terrestris
1295 1836 1364 1885 au-

166 1911 216 1983 dit
246 1911 293 2003 ⁸),
321 1919 427 2010 inque
445 1915 548 2006 hujus
568 1919 731 2010 praecise
755 1916 1049 2006 juriedomiualis
1077 1919 1362 2009 recognitionem

165 2018 288 2088 censui
305 2020 422 2111 regio,
450 2021 639 2111 quotannis
657 2015 858 2112 pendendo,
886 2016 1037 2106 subjecti
1064 2026 1175 2088 erant.
1363 2017 1364 2020 ’

209 2159 249 2245 *)
271 2161 440 2242 Sequentia
461 2181 588 2244 nempe:
612 2161 748 2225 Rivuiue
771 2161 994 2237 Dominarum,
1015 2159 1115 2222 Vetus
1139 2160 1244 2240 Bude,
1267 2163 1365 2226 Vise-

252 2251 341 2331 grdd,
363 2248 477 2326 Huazt,
499 2246 672 2332 Didsgydr,
694 2247 865 2310 Districtus
889 2248 1091 2321 Tibisoonue,
1114 2246 1145 2307 in
1169 2246 1270 2311 iocum
1294 2250 1366 2311 Dc-

253 2333 343 2397 miuii
361 2335 516 2398 Muukdoe
540 2353 577 2396 eo
600 2334 717 2396 reietua
733 2331 777 2417 ⁰),
800 2333 874 2396 olim
897 2342 927 2396 et
949 2330 1171 2396 Vetusolicuse
1190 2335 1272 2396 inter
1289 2337 1369 2398 bona

252 2419 412 2485 corouuiiu
433 2417 561 2504 oreti),
584 2419 716 2484 subinde
738 2439 777 2484 ex
799 2420 968 2484 eorundem
990 2436 1086 2482 ceusu
1108 2417 1242 2482 deletum
1258 2420 1303 2503 o).

693 2633 731 2720 §.
761 2633 846 2708 562.

594 2803 659 2880 Vei
677 2804 829 2894 fiecalie
855 2819 951 2878 cont.
994 2861 1024 2900 Ι.

273 2972 443 3070 Spectant
469 2974 602 3049 fiscalia
631 2967 726 3048 bona
753 2975 798 3049 ad
824 2969 1020 3070 proventus
1049 2974 1209 3070 publicos
1236 2977 1369 3068 pariter

173 3095 215 3146 nc
244 3075 444 3165 coronabo,
483 3087 618 3149 utnon
646 3075 806 3167 ejusdem
843 3085 923 3147 sunt
959 3073 1108 3164 indolie3
1146 3077 1247 3146 istius
1277 3079 1371 3146 enim

173 3179 317 3270 generis
335 3176 442 3266 bona,
462 3197 551 3272 quae
571 3179 730 3249 eutecio
750 3176 903 3248 dominio
924 3179 1250 3272 ernntprivatarum
1262 3174 1370 3247 iemi-
1401 3261 1403 3266 Ι
1459 3209 1460 3214 ,

95 3280 96 3283 ’
173 3277 318 3374 barum,
346 3300 387 3348 ac
414 3280 492 3354 sive
520 3301 599 3352 cum
627 3278 765 3352 illarum
791 3277 953 3367 deiectu,
983 3298 1048 3349 scu
1076 3277 1121 3349 ob
1151 3279 1372 3350 atrocitatem

175 3380 328 3452 criminis
348 3383 384 3450 in
401 3377 541 3453 Fiscum
559 3386 696 3474 regium
713 3379 940 3474 redigantur,
967 3379 1103 3474 Regem
1124 3383 1372 3468 eatretinere,
1441 3403 1443 3408 ·

176 3491 234 3552 unt
252 3483 289 3552 in
306 3484 500 3577 praemium
517 3485 723 3556 meritorum
741 3479 908 3554 conferre
925 3499 1049 3576 posse,
1075 3482 1146 3570 jam
1165 3503 1221 3551 me
1238 3480 1374 3554 dixisse

177 3581 361 3654 recordor.

170 3723 387 3744 -Ἧ

206 3795 231 3860 ⁸.)
252 3799 374 3924 0⁰⁰}ae
392 3815 424 3923 o7e
440 3803 495 3858 inv.
513 3802 588 3858 1169.
609 3805 652 3858 16.
668 3831 701 3842 -
720 3763 798 3858 teon
812 3805 838 3856 2.
852 3801 884 3856 'et
901 3802 927 3854 3.
945 3827 980 3838 -
999 3802 1075 3855 1606.
1093 3803 1137 3855 22.
1157 3817 1179 3853 a.
1199 3813 1222 3852 c.
1238 3800 1314 3852 1716.
1332 3796 1376 3852 31.

253 3895 288 3904 ..
328 3889 338 3922 ,
378 3908 385 3924 ο
422 3911 429 3927 .

208 3952 235 4013 ²³)
256 3955 334 4012 tort.
353 3959 379 4010 a.

208 4041 233 4104 ⁰)
252 4045 355 4096 Eodem
373 4049 424 4096 art.

208 4123 237 4188 1)
255 4125 333 4182 1601.
350 4131 396 4184 22.
414 4127 438 4193 1.
457 4130 481 4181 6.
500 4134 529 4182 et
543 4128 573 4184 P.
590 4129 636 4182 iii.
657 4133 690 4182 11.
706 4129 750 4182 20.

164 4229 166 4234 ’
209 4212 232 4278 ·)
251 4212 302 4263 cit.
323 4214 401 4268 1791.
418 4218 445 4268 7.

210 4295 239 4363 f)
258 4299 398 4353 tecuae.
417 4314 440 4352 a.
458 4314 482 4351 o.

208 4385 236 4451 1)
254 4387 336 4444 1619.
354 4388 414 4442 tet.
