3122 4852
706 459 758 545 '§·
787 461 872 532 487.

475 609 590 693 lara,
618 629 665 680 ac
683 607 875 681 libertates
895 607 1111 700 ampliatae.

299 753 462 847 Ammior
479 756 515 825 in
533 764 715 850 posterum
731 765 830 851 patet
849 776 993 850 campus
1013 778 1033 826 a
1062 755 1181 829 Sacris
1201 752 1392 827 Catholicis

187 856 241 927 ad
268 853 486 946 Evangelica
516 856 731 929 transeundi.
773 855 987 928 Nominatim
1024 857 1170 928 masculi
1209 859 1255 929 18
1280 876 1392 928 annos

197 960 291 1044 nati,
312 955 479 1028 foeminei
499 979 608 1031 sexus
626 981 739 1047 vero,
760 961 919 1077 quamvis
934 960 1097 1049 juniores
1116 957 1258 1047 nubant
1278 957 1393 1047 fidem,

187 1061 230 1129 'in
259 1079 327 1151 qua
355 1058 614 1147 educabantur
644 1065 743 1154 sequi
767 1062 930 1158 jamnon
958 1061 1203 1154 impediuntur
1232 1060 1392 1132 Romano

189 1156 388 1231 Catholicis
407 1160 497 1231 hanc
516 1183 593 1232 cum
612 1153 829 1255 Euangeliou
849 1160 1086 1234 Confessione
1114 1162 1226 1233 libere
1244 1185 1393 1258 permu-

187 1271 270 1332 tare
291 1265 403 1333 cuivis
422 1264 506 1334 licet
524 1273 607 1358 post
625 1263 794 1335 effluxum
813 1275 963 1358 quatuor
982 1267 1279 1360 septimanarum
1308 1287 1393 1357 erga

189 1367 423 1458 praemissam
448 1365 512 1438 sub
541 1368 763 1455 initium‚et
749 1365 894 1438 tfinem
922 1365 1025 1458 hujus
1055 1366 1215 1462 epochae
1235 1386 1391 1439 concer-

189 1469 291 1536 nenti
310 1464 489 1538 .Parocho
528 1489 649 1538 coram
690 1468 825 1539 duobus
855 1467 1005 1540 testibus
1042 1472 1315 1541 insinuationem
1347 1469 1392 1558 ⁸).

194 1565 376 1637 Gonnubia
403 1571 495 1638 inter
531 1566 740 1639 catholicam
771 1590 849 1637 cum
878 1577 1101 1661 protestante
1142 1591 1259 1640 coram
1291 1569 1393 1660 hujus

191 1667 404 1759 posterioris
433 1688 536 1737 sacro
566 1665 719 1739 Curione
752 1671 859 1755 inita,
887 1679 969 1761 post
995 1670 1252 1763 promulgatam
1276 1671 1394 1761 legem

192 1788 258 1862 pro
273 1768 440 1857 legitimis
460 1766 709 1858 declarantur‚
739 1771 820 1862 quin
838 1772 1055 1842 retroactivc
1075 1770 1133 1841 illa
1162 1792 1302 1864 quoque
1322 1769 1394 1840 hu-

189 1870 249 1957 jus
268 1870 434 1958 generis,
454 1891 545 1963 quae
564 1869 645 1940 inde
666 1893 685 1942 a
707 1874 765 1942 15.
785 1869 901 1942 Martii
920 1891 1032 1966 usque
1053 1871 1267 1947 Novembris
1289 1891 1394 1942 men-

196 1973 246 2042 sis
266 1969 356 2040 diem
378 1973 435 2044 18.
465 1981 565 2043 erant
583 1982 766 2045 contracta
797 1971 844 2063 ¹⁸).

716 2197 753 2283 §.
787 2187 877 2272 4882

470 2349 522 2422 Et
541 2348 773 2419 &cecorum
798 2367 877 2418 noa
907 2348 1114 2464 (laetorum.

302 2497 457 2573 Similem
486 2494 564 2565 fera
592 2492 782 2567 Sacrorum
813 2493 1011 2566 libertatem
1039 2493 1165 2567 Graeci
1198 2517 1270 2568 non
1297 2495 1393 2568 Uniti

193 2603 282 2673 ritus
303 2608 420 2686 antea,
442 2594 643 2688 Privilegiis
664 2617 884 2685 concessam,
901 2597 973 2686 jam
994 2597 1141 2690 exlege
1161 2620 1392 2694 consequun-

101 2774 103 2778 ,
195 2711 251 2772 tur
282 2696 322 2800 ).
351 2695 500 2772 Accedit
518 2695 744 2770 Hierarchiae
769 2697 1045 2796 Ecclesiasticae
1063 2702 1235 2771 institutio
1257 2702 1392 2773 eisdem

195 2801 350 2894 alioquin
374 2801 476 2890 juxta
505 2819 567 2871 sua
600 2800 763 2922 dogmata
792 2803 945 2893 propria
992 2799 1092 2870 Unde
1130 2799 1391 2924 Metropolitum
1431 2799 1434 2803 ’

192 2898 327 2974 Archi·
304 2899 567 3020 -Episcopum‚
595 2905 653 2995 qui
671 2901 776 2973 modo
796 2901 1000 2973 Patriarcha
1021 2903 1126 2972 etiam
1145 2907 1277 2999 passim
1296 2903 1388 2975 dici-

193 3012 327 3095 tur‚a
356 3006 480 3097 quavis
520 3011 644 3074 extera
681 3000 933 3084 lurisdictione
967 3003 1286 3100 independentem‚
1324 3025 1389 3101 pro

185 3111 281 3180 'suae
300 3105 485 3190 Ecclesiae
505 3101 650 3199 Capite,
679 3115 714 3176 et
733 3116 869 3200 septem
895 3115 1083 3201 praeterea
1101 3104 1300 3204 Episcopos
1319 3130 1391 3178 nu-

185 3213 341 3296 merant,
362 3227 509 3300 quorum
531 3205 743 3278 electionem
762 3206 805 3278 ad
823 3228 1001 3296 normam,
1022 3206 1160 3302 qualem
1187 3213 1222 3280 in
1241 3209 1391 3282 Graecia

185 3309 315 3384 'seculo
349 3311 406 3382 10.
438 3311 602 3380 usitatam
630 3306 742 3380 luisse
776 3311 970 3404 scriptores
997 3309 1157 3381 referunt
1187 3309 1245 3428 dJ,
1279 3309 1390 3381 Maria

185 3408 361 3483 ''l'heresia
392 3410 479 3499 ⁰)in
505 3413 706 3502 praesentia
738 3406 977 3500 commissarii
1000 3410 1124 3504 Regii,
1153 3414 1253 3503 eujus
1273 3423 1389 3484 tamon

184 3505 226 3584 in
256 3513 460 3584 electione
451 3531 528 3608 ipsa
547 3521 668 3608 partes
687 3511 804 3584 nullae
824 3524 927 3604 sunt,
955 3497 1207 3608 peragendam
1220 3513 1388 3586 definivit.

189 3614 279 3685 Illud
305 3613 417 3686 adhuc
442 3614 555 3685 relate
582 3613 626 3684 ad
653 3611 718 3685 hos
737 3613 936 3710 Episcopos
955 3613 1012 3685 hic
1042 3626 1168 3687 notare
1184 3618 1388 3711 ‚quoniam

190 3715 271 3786 alibi
290 3738 360 3786 non
393 3719 567 3803 recurrit,
594 3717 868 3811 inopportunum
887 3715 980 3788 haud
1009 3716 1139 3807 fuerit,
1168 3740 1232 3790 eos
1250 3718 1389 3788 medie-

191 3827 298 3916 tatem
317 3816 532 3890 substantiae
552 3819 745 3910 acquisitae
766 3821 960 3914 cuicunque
983 3822 1074 3892 intra
1096 3819 1260 3893 ambitum
1279 3820 1390 3892 ditio-

183 3983 400 4000 *md

217 4075 243 4137 ¹)
264 4077 341 4130 toto.
361 4080 385 4131 3.
405 4076 428 4143 J.
448 4083 471 4131 1.
491 4083 514 4132 5.
535 4086 641 4147 etseq.

217 4165 245 4230 h)
266 4167 317 4218 Cli„
337 4166 387 4230 leg.
406 4161 430 4228 d.
448 4167 473 4216 2.
495 4167 519 4217 3.
537 4165 562 4220 4.

125 4283 127 4289 ·
219 4259 244 4311 o
263 4255 341 4306 tres.
359 4255 401 4304 ar.
421 4258 449 4304 a
468 4249 546 4306 rats.
565 4253 612 4306 att.
630 4243 683 4305 aa„

221 4336 249 4402 d)
269 4340 347 4390 Cous.
366 4339 466 4388 Lakine
484 4339 619 4391 Praelect.
637 4340 702 4390 Gen.
721 4353 746 4403 p.
764 4328 826 4389 267.

219 4417 252 4486 eJ'
264 4423 325 4472 Vld.
341 4423 428 4474 ordin.
449 4424 520 4473 Anni
540 4426 617 4478 1779.
635 4425 733 4475 Visun.
754 4424 887 4488 promuig.
