3138 4858
1307 163 1356 238 5⁷

111 389 115 398 ,
167 399 169 405 ,
249 322 281 386 in
304 323 418 404 specie,
441 322 493 406 qui
516 322 576 388 dus
587 321 792 390 comitiorum
814 324 988 403 habentem,
1010 333 1064 390 eat
1086 324 1156 414 ejus
1172 325 1359 392 familiarem

249 409 431 488 verberare,
453 409 635 488 uulnerare,
658 411 708 473 rel
731 413 870 490 occidere
892 411 1089 492 permisisset
1102 413 1154 499 ⁸),
1176 408 1265 498 juxta
1287 422 1359 477 tar-

249 497 367 558 diorem
390 496 529 578 regulam
552 497 675 560 Tabula
697 498 795 580 Regia
816 499 939 575 iudice,
963 505 992 559 et
1008 499 1168 562 Actionem
1185 499 1360 564 Causarum

250 583 411 664 Regalium
435 583 598 646 Directore
620 585 768 666 erigente,
790 584 1031 649 calumniatores
1055 586 1199 649 mulctam
1222 587 1362 650 floreno·

250 689 318 731 rum
335 671 554 747 ducentoruma
576 670 804 748 verberatores,
827 679 879 734 eut
896 671 1111 734 vulneratores
1128 691 1256 754 poenam
1273 680 1362 736 aetus

250 751 380 840 majoris
394 756 568 838 potentiae3
583 757 740 822 occisores
758 757 922 839 capitalem
938 756 1122 824 seutentiam
1138 759 1302 824 incurrunt
1314 758 1362 844 δ).

693 951 731 1041 §.
759 951 846 1026 413.

486 1101 684 1195 Repm'pue
708 1101 1034 1175 Jcricdicte'onum.

261 1245 454 1324 litoralibus
475 1245 616 1324 taudem
634 1250 857 1345 corporibus,
883 1251 1086 1347 promiscue
1107 1244 1223 1347 Regni
1239 1249 1362 1326 luris-

162 1352 351 1428 dictionum
376 1353 520 1424 nomiue
543 1352 782 1443 venientibus,
816 1353 929 1424 relate
959 1349 1004 1424 ad
1024 1348 1171 1432 Comitia
1191 1375 1276 1428 suae
1299 1357 1363 1426 iti-

163 1453 241 1528 dem
258 1464 366 1528 —ut
383 1455 534 1529 vidimus
554 1493 606 1509 -
625 1466 745 1550 partes
766 1476 839 1529 nou
858 1454 1064 1545 defuerant,
1090 1456 1172 1528 usui
1200 1480 1248 1529 ex
1281 1459 1361 1552 ipsc

161 1556 279 1654 Regni
301 1567 508 1656 systemate,
538 1558 701 1654 quamdiu
723 1557 793 1630 hoc
819 1558 997 1631 incolume
1029 1557 1165 1649 stabat,
1200 1559 1361 1634 derivato

164 1664 317 1735 innixae.
345 1661 490 1760 illorum
516 1664 687 1758 potestati
713 1661 970 1757 accensebatur
989 1671 1203 1760 praenotare
1223 1660 1363 1736 Grave-

162 1767 266 1856 mina,
295 1765 546 1855 acPostulata,
573 1769 647 1838 non
673 1769 837 1861 proprias
866 1775 997 1839 tautum
1020 1767 1203 1855 rationes,
1238 1786 1363 1838 verum

162 1866 314 1942 Patriam
335 1888 475 1961 quoquc
501 1868 538 1937 in
562 1868 749 1960 complexu
775 1871 982 1954 attinentia;
1019 1866 1109 1939 haee
1124 1864 1241 1961 Regni
1262 1864 1364 1941 Gon·
1461 1879 1463 1882 ’

162 1971 285 2044 ventui
314 1966 429 2038 medio
449 1966 707 2059 Ablegatcrum
725 1967 957 2064 proponenda
977 1988 1115 2057 curare,
1145 1979 1251 2064 atquc
1273 1973 1363 2044 istos

166 2071 316 2164 eligere,
343 2067 650 2159 Instructionihus,
678 2089 769 2162 quae
788 2069 832 2140 ad
862 2072 1015 2141 invicem
1033 2069 1197 2157 collatae,
1225 2091 1360 2165 perque

162 2176 370 2266 uuiversum
388 2191 517 2267 eorpus
537 2166 722 2244 Gomitiale
751 2175 854 2244 omni
868 2175 923 2243 sui
942 2173 1127 2268 parturite
1146 2193 1359 2269 perpensae,

163 2275 390 2350 accomodam
411 2274 713 2347 sollicitandorum
739 2278 971 2348 communium
1007 2271 1129 2347 Gentis
1160 2273 1363 2348 desiderio·
1422 2291 1423 2296 ’

163 2376 1359 2473 rumviamcommonstrarent,Ablegatosabimmemorialitempore

61 2481 67 2494 '
164 2485 332 2578 provisos
360 2479 487 2573 fuisse,
516 2484 643 2576 cuique
669 2490 791 2553 notum
812 2491 878 2554 est.

641 2685 678 2774 δ.
708 2687 795 2760 414.

474 2838 751 2911 conticescam
776 2837 1060 2911 [restructiones.

265 2988 333 3058 Pro
352 2985 597 3058 consultativis
623 2987 875 3060 instructiones
903 2987 1008 3073 istac,
1036 3007 1080 3055 an
1102 3007 1167 3080 pro
1193 2984 1361 3077 obligati-

163 3092 220 3164 vis
240 3086 518 3160 considerandae
538 3088 619 3176 sint,
647 3097 726 3159 esto
756 3090 917 3181 nuspiam
943 3089 1098 3181 positive
1139 3086 1362 3174 decernatur,

166 3189 309 3264 easdem
331 3188 441 3258 robur
460 3209 563 3261 omne
587 3193 748 3263 amisisse
770 3188 899 3261 docent
918 3197 995 3260 acta
1014 3197 1275 3284 postremorum
1288 3184 1363 3257 Co-

164 3297 340 3366 mitiorum
370 3293 425 3380 ο);
464 3300 581 3362 tamen
608 3289 765 3363 adhunc
789 3312 915 3383 magna
946 3293 1000 3364 sui
1027 3298 1127 3388 parte
1159 3290 1363 3362 historicam

164 3394 444 3470 lucubrationem
474 3395 526 3464 sic
548 3395 728 3489 pertinere
748 3394 921 3486 intelligo,
950 3404 987 3466 ut
1006 3395 1251 3489 quaestionem
1267 3400 1364 3463 certe

165 3501 282 3592 magui
307 3497 391 3568 olim
414 3492 518 3568 uobis
542 3496 709 3566 momenti
728 3493 784 3565 hic
809 3518 881 3568 non
912 3494 1117 3590 simpliciter
1148 3503 1364 3588 praeteruu-
1404 3490 1412 3512 ⁸

167 3600 256 3690 dam,
282 3619 407 3673 verum
433 3617 480 3670 ex
496 3597 628 3690 legum,
655 3599 861 3691 veterisque
889 3600 1092 3692 systematis
1112 3599 1236 3692 spiritu
1256 3594 1362 3689 paulo

167 3707 354 3800 operosius
383 3699 636 3773 enucleandam
663 3701 868 3772 existimem.
898 3699 1081 3772 Posterius
1112 3696 1275 3794 quamdiu
1301 3696 1366 3768 ln-

168 3808 368 3878 stitutiones
385 3802 556 3897 vigebant
583 3812 742 3891 veteres,
767 3805 804 3874 in
823 3812 990 3899 respectu
1014 3801 1132 3897 legum
1150 3801 1365 3875 fundamen-

167 3905 298 3998 tallum,
328 3917 364 3980 et
384 3907 613 4000 analogarum
624 3908 913 3978 constitutionum
930 3903 1145 3996 substitisse,
1172 3926 1240 3976 nce
1259 3921 1364 3975 secus

168 4008 283 4104 quoad
307 4012 452 4102 negotia
474 4006 737 4085 demittentium
762 4008 943 4105 specialia,
971 4029 1049 4082 cum
1067 4010 1104 4081 iu
1123 4007 1177 4082 his
1198 4005 1365 4100 Ahlegati

159 4154 377 4168 m

168 4173 170 4180 ’
197 4207 222 4258 a
244 4203 318 4255 1507.
340 4209 380 4259 la.

197 4273 224 4335 ι)
245 4274 324 4328 rrae.
342 4281 367 4331 a.
386 4277 446 4328 crae
464 4277 544 4330 eclam
563 4280 638 4333 raas.
658 4281 700 4334 aa.

198 4349 223 4416 e)
243 4342 320 4400 lata.
