3158 4864
170 253 253 328 21⁰0

177 443 280 516 quarn
298 441 388 517 puae
417 417 461 490 ad
477 416 618 490 Fiscum
640 418 790 514 Regium
815 419 972 514 legitime
1011 415 1177 492 devoluta
1207 415 1289 490 sun't
1317 419 1373 510 ¹),

176 523 294 597 nullae
320 525 357 594 in
385 521 464 594 illas
492 520 671 594 clausulae
696 525 854 619 irrepant
878 522 1044 596 insolitae
1075 519 1130 612 b),
1159 519 1310 615 denique
1327 540 1374 590 ne

173 625 245 714 juri
263 624 407 696 alterius
436 622 679 718 praejudicent
710 625 766 715 ⁰),
802 634 839 695 et
862 627 954 696 intra
976 625 1079 696 unius
1107 625 1189 693 anni
1225 622 1373 716 spatium

177 729 368 798 statutione
386 761 438 775 -
455 725 749 818 promulgationis
782 729 896 799 vicem
925 724 1098 799 subeunte
1116 761 1168 775 -
1186 743 1253 793 ocu
1278 723 1375 814 legi-

177 822 489 922 timalmpetrantis
510 829 546 899 in
560 825 653 899 bona
674 827 816 901 obtenta
824 827 1097 901 indroductione
1116 824 1297 897 firmentur
1327 820 1373 915 d).

729 1030 736 1044 .
766 979 851 1050 261.

383 1097 471 1170 Etsi
487 1097 652 1172 collatos
669 979 893 1174 Nlrbt'lz'tatre
910 1104 1051 1173 mentio
1070 1098 1174 1171 desit.

278 1220 490 1314 Frequentia
510 1221 639 1296 docent
658 1225 820 1319 exempla
848 1226 1025 1313 Litteras,
1053 1222 1177 1318 quibus
1196 1221 1374 1292 Donatio-

178 1342 243 1394 nes
271 1321 422 1411 fiebant,
450 1330 742 1418 aggregationem
759 1331 797 1399 in
822 1336 961 1400 coetum
987 1323 1165 1396 Nobilium
1184 1327 1373 1417 antiquitus

177 1445 270 1516 pene
291 1445 433 1517 semper
452 1431 691 1519 expressisse,
707 1433 866 1523 qruoties
884 1434 983 1502 viros
1002 1426 1179 1520 ignobiles
1198 1427 1376 1518 respicie—
1470 1429 1472 1434 ’
1574 1489 1575 1496 ,

177 1525 270 1596 bant.
285 1525 435 1600 Invaluit
453 1525 587 1599 tardius
606 1531 731 1600 iisdem
743 1530 1036 1623 nullamprorsus.
1049 1527 1249 1597 Nobilitatis
1270 1529 1374 1596 attri-

178 1624 283 1697 butae
301 1629 515 1697 mentionem
536 1628 633 1717 lieri,
654 1631 735 1699 inde
755 1652 863 1717 sane,
892 1633 972 1722 quia
991 1628 1089 1696 Juris
1106 1665 1159 1677 -
1175 1637 1213 1696 ut
1230 1636 1376 1720 recepta

175 1728 248 1816 jam
277 1747 385 1818 porro
416 1725 564 1799 formula
583 1737 721 1799 utamur
744 1769 796 1781 -
813 1730 1114 1823 possessionarii,
1142 1727 1243 1799 velut
1270 1731 1375 1813 arcis,

181 1825 321 1921 oppidi,
349 1825 478 1918 villae,
507 1829 724 1924 aliorumque
754 1830 857 1919 hujus
884 1833 1027 1922 generis
1058 1827 1229 1899 bonorum
1248 1831 1377 1898 immo-

179 1926 321 2017 bilium,
349 1926 448 2000 firmo
475 1930 557 2020 jure
581 1931 813 2003 tenendorum
838 1931 993 2023 eRegni
1019 1940 1212 2024 systemate
1231 1930 1373 1999 nonnisi

179 2028 326 2104 Nobiles
346 2040 446 2103 erant
474 2052 647 2125 capaces,
676 2037 927 2128 quamprimum
953 2036 1061 2124 igitur
1080 2030 1161 2104 Rex
1178 2033 1374 2123 quempiam

179 2129 302 2204 borum
330 2132 528 2205 istiusmodi
555 2139 787 2228 possessione
816 2143 1042 2220 muneratur,
1070 2155 1150 2204 eum
1173 2132 1242 2202 boc
1261 2130 1370 2218 facto,

180 2233 227 2304 ad
253 2233 505 2328 possidendum
531 2234 701 2307 reddebat
726 2234 896 2308 habilem:
925 2233 1005 2306 ubi
1030 2235 1268 2327 Princeps
1295 2253 1377 2302 no-

180 2345 348 2422 ster—
374 2339 486 2407 innuit
513 2336 1092 2431 Tripartitumss-quempiam
1117 2339 1228 2426 June
1264 2353 1375 2428 pos-

181 2438 478 2510 cessionario
522 2437 901 2526 condonaverit,
942 2458 1039 2510 mox
1072 2436 1180 2526 ille,
1222 2443 1374 2508 statu·-

180 2542 306 2609 tione
345 2536 561 2629 legitima
595 2533 1006 2640 subsequente*),
1034 2540 1076 2608 in
1102 2557 1257 2612 verum
1284 2533 1378 2606 No-

179 2636 323 2712 bilem
350 2648 545 2710 creatur
576 2634 616 2739 ⁸).

223 2760 319 2846 1)81
351 2759 424 2822 buio
458 2758 711 2826 contradictione
753 2763 914 2839 obvietur,
956 2772 985 2825 et
1021 2780 1115 2825 causa
1148 2758 1378 2824 contradicendi

267 2844 367 2907 evicta
389 2846 449 2922 sit,
480 2848 677 2910 donationem
701 2849 810 2910 effectu
834 2867 957 2924 cerere,
991 2847 1153 2910 indubium
1177 2853 1243 2922 est,
1273 2850 1377 2906 utrum

267 2949 342 2991 vero
374 2928 449 2992 baec
478 2935 683 2995 contradictio
712 2953 775 2995 uns
806 2933 1063 2996 Nobilitationem
1091 2933 1202 2994 reddat
1234 2927 1380 2993 irritam?
1441 2987 1444 2992 .

266 3014 413 3092 multum,
444 3036 479 3079 ao
502 3037 595 3098 saepe
625 3019 792 3080 etiamnum
816 3019 848 3080 in
879 3018 1021 3100 collegiis
1045 3017 1234 3099 disputatur.
1257 3016 1380 3096 Negant

267 3101 425 3182 plerique,
454 3110 484 3164 et
503 3101 558 3186 jus
590 3104 770 3168 conterendi
792 3103 993 3166 Nobilitatem
1023 3103 1162 3184 Principi
1186 3110 1378 3168 reservatum

267 3207 348 3261 osse,
371 3195 461 3268 atque
484 3208 521 3250 en
542 3185 693 3271 Ejusdem
717 3192 864 3251 duntaxat
891 3189 1049 3251 voluntate
1073 3191 1240 3268 provenire
1263 3189 1380 3261 dicunt,

150 3321 152 3326 ,
268 3293 344 3354 quse
360 3274 410 3334 vel
424 3292 481 3352 per
496 3275 692 3338 collationem
710 3275 825 3338 similis
840 3276 1003 3356 Privilegii
1019 3276 1212 3339 sufficienter
1228 3271 1380 3355 exprimi-

91 3367 95 3378 “
267 3367 337 3434 tur,
366 3359 469 3439 itaquo
500 3361 695 3440 privatorum
728 3360 982 3423 Contradiotione
1012 3397 1051 3408 -
1082 3364 1182 3441 quoad
1212 3359 1378 3422 eorundem

268 3443 348 3506 Jura
369 3463 432 3505 non
464 3444 692 3510 laeduntur-
723 3447 887 3527 impediri,
921 3448 1023 3509 minus
1055 3449 1153 3508 everti
1183 3445 1310 3526 poterit.
1339 3441 1380 3500 At

268 3530 322 3592 alii
345 3532 550 3610 respondent:
574 3533 674 3614 ipsam
697 3532 776 3594 banc
797 3533 955 3612 Principis
978 3533 1167 3594 voluntatem
1191 3529 1289 3592 simili
1311 3523 1380 3598 col-

268 3615 379 3678 lationi
396 3615 585 3680 conditionis
600 3621 702 3681 instar
725 3613 798 3681 esse
811 3619 1001 3696 adstrictam,
1025 3619 1117 3697 inqrre
1133 3612 1271 3699 ejusdem
1288 3610 1380 3692 pleno

257 3701 440 3762 'consistere
463 3704 613 3782 arbitrio,
652 3706 871 3786 Impetrauteru
900 3705 932 3767 in
963 3701 1223 3766 Dorretionalibus
1247 3715 1379 3779 quoque,

269 3787 298 3847 si
327 3786 412 3847 istud
443 3790 583 3866 praecise
614 3790 707 3868 velit,
741 3792 775 3853 in
805 3811 912 3854 verum
938 3791 1045 3871 llegni
1077 3787 1221 3850 Nobilem
1252 3783 1380 3846 disertis
1406 3831 1410 3838 .

267 3871 375 3934 verbis
406 3889 520 3938 creare.
562 3876 629 3938 Nos
663 3869 740 3938 lr'anc
772 3877 864 3937 bodie
895 3876 1094 3937 theoreticam
1133 3873 1249 3954 magis,
1291 3886 1379 3950 quam

268 3956 436 4036 practicam
468 3958 582 4022 tbesim
614 3961 759 4026 lubenter
790 3962 863 4023 eliis
897 3960 1129 4043 disquirendum
1159 3957 1380 4039 permittimus.

173 4069 389 4085 *-

210 4111 710 4242 1116111192131615151110011111
735 4122 813 4173 1715.
834 4121 860 4173 7.
878 4125 918 4204 ,eb
937 4119 963 4172 9.
983 4117 1060 4171 1723.
1083 4117 1110 4172 9.
1128 4121 1156 4172 et
1173 4119 1216 4170 13.
1241 4117 1321 4171 1791.
1339 4115 1381 4167 56.

212 4250 239 4378 11
257 4256 289 4377 N
305 4257 328 4376 l'.
344 4259 376 4377 11.
394 4254 437 4378 11
455 4326 485 4382 r.
503 4329 538 4380 n.
559 4334 590 4381 o.
609 4331 651 4382 11.
670 4335 698 4382 a
717 4332 760 4384 ra
778 4331 848 4383 aare
866 4327 946 4383 isse.
965 4323 1009 4388 te.
1028 4333 1055 4381 o
1072 4325 1116 4381 ne.
1135 4355 1170 4368 -
1188 4324 1267 4382 retr.
1286 4327 1346 4382 aaa.

213 4390 241 4460 θ)
257 4394 332 4448 Part.
349 4395 372 4448 l.
394 4400 426 4449 tt
444 4392 470 4450 1.
