3158 4864
783 463 791 480 .
821 410 906 484 25.

430 533 504 605 Per
528 533 669 625 nepam
696 410 842 627 argoas
863 412 980 608 Zoilo
1009 513 1212 652 aroanna.¹

323 679 454 754 Nostra
479 681 553 771 jam
581 690 697 754 aetate
723 680 870 755 Nobiles
899 704 964 756 seu
992 680 1153 773 origine,
1183 681 1260 753 sive
1288 691 1414 776 postea

218 784 415 880 propagine
433 805 581 855 -nam
600 785 659 878 qui
676 786 744 856 rite
762 787 799 855 in
818 806 939 857 eorum
957 802 1139 855 numerum
1155 790 1323 877 receptus
1345 793 1415 873 est,

218 883 436 957 nobilitatem
447 885 613 977 legitimis
631 884 842 958 haeredibus
856 908 933 957 oum
945 885 1118 976 sangvine
1130 883 1352 956 transscribit
1382 887 1413 976 ⁶)

217 1008 364 1057 -eam
383 986 621 1081 adipiscuntur
647 1009 712 1084 per
738 991 917 1102 regiam
943 989 1054 1082 primo
1082 983 1414 1075 Donationem,

218 1096 289 1160 tum
306 1109 372 1184 per
397 1085 580 1164 litteras
608 1092 816 1178 armies,
845 1089 982 1160 demum
1007 1083 1318 1176 Indigenatus
1344 1110 1414 1181 pa-

217 1192 274 1262 trii
300 1211 441 1262 oonoe
453 1192 622 1262 ssione.
650 1190 694 1262 tit
711 1193 875 1286 quoniam
892 1191 1014 1285 proles
1032 1189 1156 1281 patris,
1175 1209 1279 1282 quem
1293 1188 1413 1276 justae

216 1293 359 1385 nuptiae
377 1291 632 1381 demonstrant,
660 1293 897 1364 conditionem
922 1292 1155 1381 juranostro
1183 1286 1344 1383 perinde,
1372 1311 1414 1359 ao

204 1394 359 1466 'aliarum
383 1391 572 1464 Nationum
595 1393 849 1488 adipiscuntur,
877 1397 914 1464 in
938 1391 1116 1462 Nobilium
1144 1410 1290 1461 numero
1319 1399 1412 1478 sunt,

215 1497 273 1589 qui
290 1504 426 1588 patrem
443 1493 573 1566 babent
591 1493 766 1582 nobilem,
785 1515 857 1567 non
875 1495 959 1566 item
975 1493 1039 1583 illi,
1066 1491 1126 1583 qui
1144 1501 1255 1565 matre
1274 1492 1412 1586 quidem

213 1595 334 1687 nobili,
362 1595 509 1708 ignobili
538 1607 655 1668 tamon
682 1605 784 1691 patre
806 1604 998 1668 naseuntur
1028 1592 1075 1684 ¹³).

739 1767 777 1855 s.
807 1745 892 1842 259.

584 1893 614 1964 Ι.
644 1896 867 1965 Donatiooe
893 1894 1024 1982 Rapta.

315 2036 465 2109 Primum
485 2059 505 2107 a
525 2037 655 2107 seeulis
679 2035 821 2106 modum
850 2035 1033 2128 aquirendi
1061 2033 1291 2125 nobilitatem,
1328 2047 1410 2132 puta

106 2185 109 2190 -
213 2139 387 2211 bonorum
408 2137 642 2210 nobilitarium
655 2129 885 2208 *benemerito
908 2137 1043 2231 patriae
1072 2135 1143 2206 lilio
1174 2158 1240 2231 per
1255 2138 1410 2213 Privile-

107 2235 109 2240 ’
211 2243 307 2334 glum
321 2240 402 2331 jure
421 2246 595 2337 perpetuo
629 2236 756 2310 laetam
777 2237 1015 2327 collationem,
1033 2237 1189 2330 legitima
1218 2241 1410 2313 statutione

212 2341 427 2433 firmandam,
453 2342 588 2434 regiam
610 2325 847 2413 Donatione⁰m
864 2338 967 2432 leges
996 2341 1186 2411 nominant.
1216 2337 1313 2411 Haeo
1337 2343 1410 2414 ita-

212 2465 280 2538 que
302 2442 510 2516 nobilitandi
536 2445 626 2514 ratio
657 2441 818 2514 absolute
847 2444 914 2512 tria
933 2439 1107 2536 deposcit,
1133 2449 1171 2511 ut
1193 2441 1330 2515 seilicet
1346 2465 1411 2540 per

213 2545 385 2635 ejusmodi
405 2545 543 2618 litteras
561 2542 667 2637 legali
686 2542 799 2615 forma
818 2542 1003 2638 expeditas
1033 2543 1079 2634 ⁶),
1098 2551 1137 2615 ut
1150 2541 1329 2635 Indigenis
1360 2543 1408 2636 ἃ),
1435 2620 1437 2625 ,

80 2691 83 2696 -
212 2656 251 2717 ut
277 2645 427 2741 denique
448 2645 541 2716 bona
566 2643 765 2716 nobilitaria
796 2645 827 2736 ⁶)
850 2645 931 2734 jure
952 2655 1125 2740 perpetuo
1152 2641 1328 2717 donentur
1364 2642 1407 2738 ‘).

211 2745 341 2819 Horum
363 2746 495 2842 siquid
518 2747 620 2818 aliter
647 2769 687 2820 se
707 2744 848 2835 babeat,
866 2745 1020 2817 Donatio
1034 2747 1116 2836 jure
1135 2744 1259 2818 nostro
1271 2748 1409 2820 modum

211 2847 424 2943 aquirendae
454 2845 656 2920 Nobilitatis
686 2847 782 2919 nullo
801 2855 905 2942 paeto
933 2850 1150 2921 constituere
1177 2856 1317 2942 potest3
1337 2871 1409 2923 no-

213 2953 365 3021 minatim
392 2948 436 3020 ad
466 2949 620 3044 legalem
647 2949 793 3021 formam
820 2948 1040 3043 pertinebat,
1074 2958 1111 3019 ut
1143 2971 1163 3019 e
1190 2948 1408 3024 Cancellaria

211 3049 325 3144 Regia
349 3049 549 3144 Hungarioa
569 3049 829 3145 subscriptione
849 3046 1058 3126 Cancellarii
1075 3049 1266 3145 Hungarioi
1289 3053 1408 3126 muni-

211 3162 269 3226 tae
291 3152 450 3226 edantur.

646 3251 648 3256 ⁵
743 3302 780 3390 s.
809 3302 896 3376 ooo.

644 3427 830 3517 Lepitttne
850 3436 968 3518 foeta.

244 3581 247 3587 ·
314 3549 418 3624 Plura
448 3543 561 3618 adhue
597 3548 691 3619 eirea
718 3546 821 3638 bujus
855 3548 998 3641 generis
1029 3545 1249 3618 Donationes
1275 3543 1405 3617 obser-

181 3737 184 3744 ,
211 3652 327 3726 vando
350 3654 452 3743 leges
481 3650 676 3744 requirunt,
704 3651 864 3723 nimirum
891 3670 936 3721 ne
956 3645 1184 3721 conferantur
1208 3644 1405 3719 bominibus

211 3754 297 3828 nibil
322 3754 365 3827 de
392 3752 506 3846 Rege,
544 3761 580 3825 et
604 3752 722 3826 Patria
749 3753 901 3860 meritis¹
916 3751 976 3842 ³),
1003 3771 1071 3825 neo
1106 3771 1153 3824 ex
1177 3748 1282 3824 bonis
1313 3747 1404 3839 aliis,

200 3901 418 3913 ——n--u

238 3964 539 4027 beronae

238 4034 449 4100 nmina
747 4041 751 4047 ’

236 4103 266 4237 :t
380 4109 588 4234 aleos·
703 4107 729 4163 ³·

238 4215 580 4354 pkbwbmffls

236 4317 266 4453 d
283 4317 495 4458 tutotuto.
