3122 4852
1307 279 1354 353 91

162 439 323 529 mundus,
352 443 409 515 cui
426 443 623 517 simultates
653 461 730 512 cum
751 440 922 513 Pontifice
949 443 1239 534 intercesserant,
1267 467 1358 540 pro-

160 541 272 614 hibuit
301 545 333 634 ·)
363 550 498 617 cunctis
527 548 604 617 sine
631 543 830 613 discrimine
861 544 1135 633 ecclesiasticis,
1163 555 1358 620 contrave-

161 647 300 717 nientes
319 649 472 719 criminis
490 648 610 720 laesae
629 644 826 734 MaJestatis
845 666 929 717 reos
961 648 1248 743 pronunciando,
1294 649 1358 720 sub

160 767 278 842 poena
308 752 454 844 capitis,
482 771 528 820 ne
563 747 653 820 ullas
672 745 824 817 Litteras
860 747 1060 839 Pontificio,
1088 759 1124 822 ct
1153 753 1358 844 quorumvis

160 849 371 942 legatorum
389 850 561 940 ludicum,
590 858 650 922 aut
668 847 876 920 Obicialium
895 848 1021 923 Curiae
1049 852 1230 924 Romanae
1258 855 1358 923 reci-

161 971 262 1048 pere,
288 953 481 1048 publicare,
521 962 557 1023 et
575 952 777 1023 executioni
796 950 962 1024 mandare
981 951 1114 1052 absque
1134 952 1280 1050 speciali
1297 955 1359 1027 iu·-

162 1053 261 1126 dultu
287 1057 389 1148 regio
410 1051 623 1145 audeant*).

204 1198 243 1286 a*)
266 1199 372 1264 Bullae
394 1193 577 1265 Pontihciaa
608 1197 675 1262 sive
698 1198 962 1280 confirmatoriac,
994 1220 1049 1264 seu
1080 1201 1209 1265 alterius
1232 1201 1359 1282 speciei,

160 1297 161 1300 ’
245 1289 387 1390 Regnum
408 1307 529 1370 quaqua
559 1286 680 1350 ratione
712 1285 943 1388 contingentes,
976 1291 1076 1390 utuad
1100 1307 1191 1350 usum
1221 1289 1357 1367 veniant,

245 1373 847 1545 {llll}„ltutllttstltts
868 1371 1025 1540 illitis?
1038 1373 1359 1524 tlttnltllll}

245 1545 365 1632 „regiis
388 1567 451 1612 nou
470 1549 689 1624 adversantur,
714 1543 881 1630 benignum
901 1543 1060 1609 Placctum
1080 1545 1211 1610 tribui.“

682 1735 719 1823 §.
747 1734 834 1808 475.

477 1887 562 1959 Rcc
586 1885 810 1973 Hunpara'ac
836 1903 862 1954 α
886 1882 1042 1957 Sucubi.

261 2031 370 2106 Usum
400 2030 533 2103 Placcti
560 2027 719 2102 nonnulli
743 2027 943 2120 Religionis
973 2025 1176 2102 Catholicae
1205 2030 1359 2105 libertati

162 2137 293 2210 obesse
320 2133 575 2230 praetendunt,
605 2131 684 2202 dum
712 2130 782 2218 alii,
817 2128 886 2200 hoc
916 2131 1082 2219 dimisso,
1108 2132 1358 2230 independen-

160 2241 229 2310 tiae
266 2236 381 2310 civilis
408 2235 695 2330 gubernationis,
741 2233 938 2326 civiumque
974 2233 1212 2328 tranquillitati
1240 2234 1357 2330 qualia

159 2342 283 2414 nescio
309 2339 479 2436 pericula,
499 2357 589 2432 quae
607 2333 751 2406 fulmina
769 2337 932 2407 vaticana
950 2336 1133 2407 imminere
1152 2336 1356 2428 clamitant,

159 2465 230 2515 non
261 2441 375 2514 habco
412 2460 587 2528 necesse,
621 2446 659 2508 ut
689 2447 958 2509 controversam
985 2436 1076 2508 hanc
1112 2443 1357 2534 quaestionem

159 2554 342 2636 utramque
361 2547 397 2614 in
414 2551 549 2636 partem
569 2543 705 2633 agitare
723 2539 806 2611 mihi
834 2560 1012 2628 summam,
1043 2539 1086 2609 ad
1103 2543 1266 2612 nuncium
1283 2563 1356 2615 ve-

159 2647 273 2716 ritatis
299 2647 402 2716 unice
420 2643 601 2714 historiam
620 2643 796 2734 repetitim
816 2649 929 2712 macte
950 2640 1113 2736 adpello;
1140 2643 1261 2736 pandit
1288 2645 1355 2714 ista

159 2747 260 2820 nobis
287 2749 509 2842 apertissime
524 2743 620 2814 luris
651 2741 754 2832 hujus
773 2745 994 2832 exercitium,
1022 2744 1113 2836 apud
1140 2766 1207 2817 nos
1235 2747 1355 2816 conti-

158 2871 275 2937 nuum,
302 2857 524 2921 sustentasse
552 2848 672 2939 potius
701 2843 899 2924 libertatem
917 2843 1115 2937 Religionis
1136 2843 1352 2936 Catholicae,

159 2973 262 3042 quam
287 2951 479 3022 vellicasse
507 2969 681 3040 unquam3
719 2946 812 3039 quod
840 2968 1010 3034 servare,
1048 2970 1090 3018 ac
1127 2958 1356 3020 manutenere

159 3071 204 3121 eo
232 3051 477 3143 providentius
496 3068 578 3119 esse
597 3047 751 3134 videtur,
770 3047 814 3118 ad
840 3047 1044 3142 peculiaria,
1065 3058 1100 3119 et
1119 3053 1246 3120 eximia
1265 3069 1352 3126 sane

158 3159 366 3243 patronatus
375 3150 460 3221 lura
471 3150 582 3239 Regis
591 3147 793 3241 Apostolici
813 3170 832 3217 a
852 3150 977 3240 quavis
997 3147 1224 3221 diminutione
1242 3172 1353 3245 prae-

158 3250 358 3340 munienda,
387 3261 422 3324 et
440 3251 482 3324 ab
510 3251 603 3322 omni
629 3248 848 3344 praejudicio
867 3247 1135 3343 praesalvanda.

677 3453 713 3538 ὃ.
742 3455 828 3525 476.

390 3603 445 3673 Ac
469 3599 678 3700 splendidis
704 3602 936 3672 Patronatua
961 3557 1126 3675 duribus.

180 3743 183 3746 ’
258 3749 344 3820 Pars
363 3746 457 3820 illius
477 3749 698 3821 auctoritatis
717 3745 840 3837 altera,
865 3771 907 3820 ac
932 3745 1037 3823 facilc
1056 3753 1259 3848 praecipua,
1287 3773 1354 3845 qua

158 3850 238 3921 Rex
254 3848 486 3944 Apostolicus
505 3860 669 3945 quantum
697 3847 741 3920 ad
760 3848 956 3923 Ecclesiam
974 3850 1189 3926 catholicam
1211 3858 1356 3948 specia-

158 3953 218 4021 tim
249 3949 372 4044 pollat,
401 3956 436 4023 in
465 3972 630 4048 supremo
655 3952 864 4041 Patronatu,
894 3976 913 4023 a
938 3975 1095 4027 coronae
1120 3964 1266 4027 nostrae
1284 3953 1353 4026 Ju-

157 4051 253 4122 ribus
272 4049 370 4125 nullo
396 4052 500 4124 modo
529 4052 736 4149 separabili,
765 4055 831 4125 sita
861 4065 925 4126 est.
969 4055 1036 4141 Qui
1061 4067 1199 4128 remote
1229 4055 1353 4130 liceto

154 4155 242 4224 dure
262 4172 402 4246 quoque
426 4159 549 4226 summi
567 4155 707 4248 Imperii
725 4153 889 4244 dimanet,
909 4157 987 4247 ejus
1005 4167 1136 4247 tamen,
1154 4178 1256 4252 quam
1279 4179 1356 4230 cum

156 4255 356 4352 primordiis
384 4257 456 4327 suis
475 4258 510 4325 in
528 4260 640 4352 patria
658 4265 781 4329 nostra
799 4269 999 4353 acceperat,
1027 4260 1231 4356 amplitudo,
1260 4284 1354 4357 quo-

186 4423 300 4492 ·)·Doc.
320 4423 372 4482 vid.
391 4436 437 4492 ap·
449 4425 522 4493 Ρη]
539 4427 621 4494 Spec.
638 4427 714 4484 Hiar.
732 4427 822 4498 lluog.
840 4431 871 4486 P.
889 4430 908 4486 1.
927 4443 953 4498 p.
971 4430 1017 4486 bd.
1035 4437 1138 4501 etseq.
