3158 4864
241 220 313 294 182

322 390 425 448 torum
455 379 612 462 reliquae,
651 380 770 446 omisso
804 381 938 448 Comitis
974 382 1117 460 nomine,
1150 400 1186 448 se
1219 385 1435 448 tantummodo

325 475 554 550 perpetuos
588 475 728 532 terrea
761 467 960 551 fugares,
994 471 1039 532 de
1062 470 1236 552 Gbymos
1265 469 1437 550 abaliquo

325 566 463 634 tempore
493 553 632 616 seribere
665 554 828 636 experior,
859 551 952 638 cnjus
983 555 1198 618 ommissionis
1229 573 1354 618 causum
1385 556 1439 617 vin

326 640 417 701 eliam
440 657 511 701 osse
532 647 628 718 puto,
658 659 750 720 quam
774 643 856 720 quod
878 641 1059 704 nominibus
1082 641 1151 704 suis
1175 641 1309 707 Comitis
1334 661 1438 727 agno-

327 744 397 792 utcu
419 726 618 810 caeteroquin
640 718 841 810 antepodant.

384 947 475 1018 Noe
495 948 662 1036 profana·
683 839 817 1030 colerbo,
832 840 917 1018 llll
938 957 975 1016 et
997 948 1105 1016 saera·
1130 941 1284 1016 ardenas.

231 1065 234 1070 ’
347 1067 545 1142 Subnotere
563 1070 769 1164 praemissis
790 1068 968 1163 expediet,
987 1068 1163 1162 quendam
1182 1091 1202 1140 e
1222 1090 1325 1142 sacro
1345 1089 1442 1162 quo-

246 1193 315 1264 que
336 1171 459 1243 ordine
479 1168 635 1242 Comites
653 1170 738 1259 loci,
758 1172 836 1242 sive
856 1172 961 1259 ercis,
980 1193 1022 1240 ec
1040 1170 1193 1242 Dominii
1211 1169 1324 1242 fuisse
1336 1193 1444 1241 cree-

247 1282 305 1344 tos
336 1275 393 1363 ⁶),
419 1294 567 1366 quorum
586 1272 644 1343 ulii
664 1272 743 1343 dnm
769 1272 835 1343 hac
862 1295 938 1344 cum
957 1275 1234 1368 praeeminentia
1260 1277 1295 1345 in
1314 1273 1445 1344 bomo-

245 1396 353 1472 nymo
383 1371 556 1446 Comitetu
574 1377 844 1471 perpetuitatem
865 1375 972 1446 cilicii
996 1375 1158 1470 Supremi
1180 1374 1324 1449 Comitis
1346 1375 1441 1447 fuis-

247 1486 327 1550 sent
346 1479 542 1566 consecuti,
572 1476 631 1548 elii
648 1499 715 1548 usu
734 1477 896 1549 diuturno
919 1478 1066 1549 eandem
1086 1478 1129 1548 ad
1148 1499 1187 1549 se
1207 1478 1442 1565 derivassent,

245 1579 328 1650 ideo
348 1581 409 1649 lex
426 1589 553 1673 postea
573 1577 636 1648 sub
647 1577 844 1647 Wludislao
863 1581 1040 1670 repetitim
1060 1576 1202 1647 condite
1232 1576 1281 1668 b),
1302 1583 1443 1651 serius-

248 1701 317 1770 que
335 1680 461 1747 iterata
491 1679 522 1764 ⁰)
544 1675 794 1766 obligationem
812 1676 982 1747 Praeletis
1001 1679 1179 1771 imposuit,
1209 1695 1272 1748 sue
1291 1680 1444 1775 desuper

246 1777 438 1869 Privilegia
456 1776 569 1871 pelam
598 1773 761 1846 faciendi.
791 1777 868 1862 Quo
899 1779 1002 1848 etiam
1022 1800 1042 1848 a
1060 1785 1249 1872 respectu,
1279 1782 1310 1848 si
1329 1781 1447 1873 Regni

247 1881 448 1968 Primutem,
477 1886 513 1948 et
529 1871 882 1974 Archi-Episcopum
900 1881 1116 1973 Agriensem
1136 1879 1274 1966 demes,
1304 1903 1324 1950 a
1343 1880 1446 1954 divae

250 1981 444 2054 Therasiae
469 1978 685 2074 temporibus
713 2003 817 2052 nemo
837 2004 927 2054 nnus
946 1977 1149 2079 Episcopeli
1168 1985 1305 2054 muneri
1322 2002 1448 2056 munus

251 2083 412 2186 Supremi
431 2078 577 2162 Comitis
597 2082 744 2182 emplius
762 2084 957 2175 conjunxit.

545 2233 947 2427 Mapoommbeldlla
972 2333 1152 2426 reliquae.

355 2458 423 2548 Qui
440 2467 563 2532 nostra
582 2467 698 2528 eetete
716 2456 918 2550 Magnetum
936 2457 1190 2551 gentilitiorum
1204 2477 1287 2556 pars
1301 2460 1450 2533 maxima
1572 2547 1573 2554 ἵ

255 2560 441 2652 Comitum,
467 2560 729 2653 liberorumque
746 2559 924 2632 Beronum
941 2563 1083 2631 nomine
1100 2564 1261 2651 veniunt,
1279 2561 1452 2634 honorem

254 2668 369 2756 bunc,
396 2661 601 2756 titulumque
616 2663 689 2752 jam
716 2684 789 2734 nen
809 2662 851 2734 ab
871 2666 962 2735 ercis
982 2663 1151 2753 alicujus,
1178 2665 1239 2737 vel
1256 2662 1451 2758 Dynastiee

256 2770 481 2853 exemtione,
510 2764 711 2859 aPriucipe
737 2768 773 2836 in
792 2785 896 2837 seros
923 2775 1091 2859 posteros
1111 2765 1321 2854 attributae,
1350 2765 1453 2837 seda

257 2871 344 2940 solis
365 2867 532 2937 duntaxat
559 2866 636 2954 ejus
662 2867 804 2937 Litteris
834 2865 1039 2939 solennibus
1064 2875 1241 2959 repetunt.
1278 2861 1453 2938 Incertum
1572 2869 1573 2884 ¹

256 2968 389 3058 adhoc,
419 2966 618 3062 quomodo,
647 2977 683 3038 et
710 2989 861 3061 quonam
887 2989 1016 3063 reapse
1035 2977 1195 3060 tempore
1220 2971 1256 3038 in
1274 2966 1453 3061 Hungaria

255 3073 371 3143 vicem
399 3071 532 3142 sensim
559 3075 722 3140 veterum
752 3069 892 3140 illorum
919 3068 1233 3141 haereditariorum
1263 3069 1453 3160 Beronum,

257 3177 335 3246 sive
344 3169 546 3264 Magnetum
558 3169 690 3258 subire,
703 3179 807 3264 etque
821 3191 953 3263 augere
965 3173 1161 3265 coeperint,
1172 3170 1310 3266 hocque
1324 3171 1454 3243 diffiei-

257 3275 325 3344 lius
345 3283 442 3344 certa
460 3272 598 3343 illorum
619 3270 789 3362 detegere
808 3273 918 3361 initia,
947 3275 1027 3366 quia
1047 3275 1236 3364 antiquitus
1253 3272 1453 3344 Berones

213 3365 215 3370 ’
255 3373 316 3447 vel
334 3379 370 3444 in
388 3382 488 3468 perte
518 3372 619 3444 simul
636 3371 752 3461 liberi,
780 3376 1005 3469 majoresque
1026 3371 1180 3446 Comites
1210 3382 1351 3458 essent,
1378 3376 1461 3464 vel,

258 3478 391 3548 omisso
425 3474 659 3546 additamento
696 3472 868 3566 Beronis,
905 3477 1004 3547 titulo
1044 3474 1367 3562 Dominerum,
1397 3484 1457 3546 eut

257 3576 440 3671 Magnis
448 3579 511 3649 ici
550 3574 842 3671 compellatione,
887 3578 1001 3648 solum
1038 3598 1058 3644 a
1091 3572 1242 3642 caeteris
1271 3571 1455 3648 Nobilibus

259 3677 585 3772 distinguebantur,
623 3677 775 3772 indeque
811 3677 1022 3749 Baronatum
1059 3672 1317 3766 adipiscentes,
1355 3680 1457 3751 simul

258 3785 401 3854 nomine
420 3777 796 3870 Magnificentius
817 3777 1048 3851 condecorari
1065 3776 1101 3845 in
1118 3771 1307 3867 privilegio
1328 3776 1455 3850 dicun-

260 3894 317 3956 tur
347 3878 402 3972 Ὃς
440 3877 728 3974 quemadmodum
756 3879 850 3951 istud
876 3902 948 3951 non
987 3875 1091 3947 modo
1128 3878 1165 3946 in
1196 3873 1355 3950 formulis
1385 3883 1457 3954 stili

263 3982 504 4058 cancellariae
521 3979 680 4075 Regiae,
708 4003 751 4053 ae
769 3981 850 4054 abbi
874 3999 1015 4074 quoque
1032 3977 1197 4069 reperio,
1224 4001 1348 4052 verum
1367 4003 1457 4056 eos-

289 4171 314 4234 a)
333 4173 452 4226 Huncin
469 4186 527 4225 rem
545 4173 597 4240 legi
613 4182 736 4230 meretur
750 4175 843 4226 Palma
856 4173 906 4239 0p.
923 4172 967 4224 cit.
984 4185 1009 4238 p.
1027 4171 1069 4224 67.
1089 4173 1188 4238 etseq.

288 4245 317 4308 u)
338 4243 413 4296 anes.
434 4246 474 4297 sa.
495 4242 573 4297 anos.
591 4245 616 4298 a.

290 4313 315 4370 ‘l
336 4316 411 4368 1609.
430 4316 472 4367 20.

292 4383 319 4449 d)
337 4387 514 4441 Schwartner
533 4385 704 4439 introductio
721 4383 748 4435 ln
763 4394 822 4436 rem
839 4379 911 4447 Dlpl.
930 4379 971 4434 ed.
988 4381 1014 4434 2.
1031 4381 1061 4437 P.
1075 4380 1123 4435 111.
1140 4379 1170 4436 0.
1185 4381 1211 4437 2.
1228 4378 1326 4448 ΗΜ.
