<?xml version="1.0" encoding="UTF-8"?>
<!DOCTYPE html PUBLIC "-//W3C//DTD XHTML 1.0 Transitional//EN"
    "http://www.w3.org/TR/xhtml1/DTD/xhtml1-transitional.dtd">
<html xmlns="http://www.w3.org/1999/xhtml" xml:lang="en" lang="en">
 <head>
  <title>
</title>
<meta http-equiv="Content-Type" content="text/html;charset=utf-8" />
  <meta name='ocr-system' content='tesseract 3.04.00' />
  <meta name='ocr-capabilities' content='ocr_page ocr_carea ocr_par ocr_line ocrx_word'/>
</head>
<body>
  <div class='ocr_page' id='page_1' title='image "./conspectusjuris00czirgoog_0396.png"; bbox 0 0 3122 4852; ppageno 0'>
   <div class='ocr_carea' id='block_1_1' title="bbox 284 321 1471 842">
    <p class='ocr_par' dir='ltr' id='par_1_1' title="bbox 322 321 1438 586">
     <span class='ocr_line' id='line_1_1' title="bbox 323 321 1438 410; baseline -0.011 -12"><span class='ocrx_word' id='word_1_1' title='bbox 323 331 481 398; x_wconf 86' lang='lat' dir='ltr'>uberrima</span> <span class='ocrx_word' id='word_1_2' title='bbox 509 329 765 398; x_wconf 78' lang='lat' dir='ltr'><strong>commentatione</strong></span> <span class='ocrx_word' id='word_1_3' title='bbox 785 329 977 396; x_wconf 85' lang='lat' dir='ltr'>illustratum</span> <span class='ocrx_word' id='word_1_4' title='bbox 1011 323 1169 410; x_wconf 70' lang='lat' dir='ltr'>evulgavit</span> <span class='ocrx_word' id='word_1_5' title='bbox 1184 324 1232 410; x_wconf 67' lang='lat'>¹),</span> <span class='ocrx_word' id='word_1_6' title='bbox 1264 322 1299 388; x_wconf 85' lang='lat' dir='ltr'>dt</span> <span class='ocrx_word' id='word_1_7' title='bbox 1326 321 1438 404; x_wconf 77' lang='lat' dir='ltr'>itaqua</span> 
     </span>
     <span class='ocr_line' id='line_1_2' title="bbox 322 409 1438 500; baseline -0.012 -17"><span class='ocrx_word' id='word_1_8' title='bbox 322 421 354 483; x_wconf 92' lang='lat' dir='ltr'>in</span> <span class='ocrx_word' id='word_1_9' title='bbox 378 421 484 484; x_wconf 88' lang='lat' dir='ltr'>eodem</span> <span class='ocrx_word' id='word_1_10' title='bbox 506 426 660 500; x_wconf 75' lang='lat' dir='ltr'>segestro,</span> <span class='ocrx_word' id='word_1_11' title='bbox 682 417 732 480; x_wconf 86' lang='lat' dir='ltr'>vel</span> <span class='ocrx_word' id='word_1_12' title='bbox 754 451 795 464; x_wconf 94' lang='lat'>-</span> <span class='ocrx_word' id='word_1_13' title='bbox 817 426 852 480; x_wconf 92' lang='lat' dir='ltr'>ut</span> <span class='ocrx_word' id='word_1_14' title='bbox 873 418 1028 480; x_wconf 89' lang='lat' dir='ltr'>interdum</span> <span class='ocrx_word' id='word_1_15' title='bbox 1045 413 1181 479; x_wconf 87' lang='lat' dir='ltr'>scribere</span> <span class='ocrx_word' id='word_1_16' title='bbox 1198 409 1372 474; x_wconf 89' lang='lat' dir='ltr'>maluerunt</span> <span class='ocrx_word' id='word_1_17' title='bbox 1389 443 1438 454; x_wconf 96' lang='lat'>-</span> 
     </span>
     <span class='ocr_line' id='line_1_3' title="bbox 323 493 1437 586; baseline -0.013 -18"><span class='ocrx_word' id='word_1_18' title='bbox 323 512 446 586; x_wconf 79' lang='lat' dir='ltr'>regesto</span> <span class='ocrx_word' id='word_1_19' title='bbox 468 505 583 567; x_wconf 91' lang='lat' dir='ltr'>mentio</span> <span class='ocrx_word' id='word_1_20' title='bbox 605 503 753 566; x_wconf 85' lang='lat' dir='ltr'>llandarii</span> <span class='ocrx_word' id='word_1_21' title='bbox 775 504 868 567; x_wconf 91' lang='lat' dir='ltr'>unius</span> <span class='ocrx_word' id='word_1_22' title='bbox 892 503 1094 566; x_wconf 76' lang='lat' dir='ltr'>Dalmatiam:</span> <span class='ocrx_word' id='word_1_23' title='bbox 1129 497 1258 561; x_wconf 87' lang='lat' dir='ltr'>alterius</span> <span class='ocrx_word' id='word_1_24' title='bbox 1279 493 1437 558; x_wconf 85' lang='lat' dir='ltr'>Transii-</span> 
     </span>
    </p>

    <p class='ocr_par' dir='ltr' id='par_1_2' title="bbox 284 579 1471 842">
     <span class='ocr_line' id='line_1_4' title="bbox 284 579 1471 674; baseline -0.008 -24"><span class='ocrx_word' id='word_1_25' title='bbox 284 667 287 674; x_wconf 25' lang='grc' dir='ltr'>Ι</span> <span class='ocrx_word' id='word_1_26' title='bbox 323 590 446 653; x_wconf 74' lang='lat' dir='ltr'>naniam</span> <span class='ocrx_word' id='word_1_27' title='bbox 477 607 607 668; x_wconf 83' lang='lat' dir='ltr'>versus;</span> <span class='ocrx_word' id='word_1_28' title='bbox 638 598 747 652; x_wconf 86' lang='lat' dir='ltr'>contra</span> <span class='ocrx_word' id='word_1_29' title='bbox 777 588 928 652; x_wconf 88' lang='lat' dir='ltr'>Hussitas</span> <span class='ocrx_word' id='word_1_30' title='bbox 951 589 1055 662; x_wconf 79' lang='lat' dir='ltr'>tertii3</span> <span class='ocrx_word' id='word_1_31' title='bbox 1091 592 1121 648; x_wconf 86' lang='lat' dir='ltr'>et</span> <span class='ocrx_word' id='word_1_32' title='bbox 1151 584 1252 665; x_wconf 87' lang='lat' dir='ltr'>quarti</span> <span class='ocrx_word' id='word_1_33' title='bbox 1280 583 1313 644; x_wconf 90' lang='lat' dir='ltr'>in</span> <span class='ocrx_word' id='word_1_34' title='bbox 1335 579 1439 660; x_wconf 84' lang='lat' dir='ltr'>Plaga</span> <span class='ocrx_word' id='word_1_35' title='bbox 1465 644 1471 651; x_wconf 74' lang='grc'><em>,</em></span> 
     </span>
     <span class='ocr_line' id='line_1_5' title="bbox 321 668 1436 756; baseline -0.01 -18"><span class='ocrx_word' id='word_1_36' title='bbox 321 675 591 750; x_wconf 81' lang='lat' dir='ltr'>Tamaslredz,</span> <span class='ocrx_word' id='word_1_37' title='bbox 612 677 740 738; x_wconf 89' lang='lat' dir='ltr'>indubie</span> <span class='ocrx_word' id='word_1_38' title='bbox 761 674 827 752; x_wconf 91' lang='lat' dir='ltr'>illa,</span> <span class='ocrx_word' id='word_1_39' title='bbox 850 695 941 756; x_wconf 84' lang='lat' dir='ltr'>quam</span> <span class='ocrx_word' id='word_1_40' title='bbox 965 674 1130 737; x_wconf 78' lang='lat' dir='ltr'>hodiedum</span> <span class='ocrx_word' id='word_1_41' title='bbox 1152 669 1265 752; x_wconf 84' lang='lat' dir='ltr'>vulgus</span> <span class='ocrx_word' id='word_1_42' title='bbox 1279 668 1436 730; x_wconf 86' lang='lat' dir='ltr'>Banatum</span> 
     </span>
     <span class='ocr_line' id='line_1_6' title="bbox 321 759 750 842; baseline -0.007 -19"><span class='ocrx_word' id='word_1_43' title='bbox 321 759 556 823; x_wconf 73' lang='lat' dir='ltr'>&#39;ramesiensem</span> <span class='ocrx_word' id='word_1_44' title='bbox 578 760 750 842; x_wconf 89' lang='lat' dir='ltr'>compellet.</span> 
     </span>
    </p>
   </div>
   <div class='ocr_carea' id='block_1_2' title="bbox 413 910 1245 1156">
    <p class='ocr_par' dir='ltr' id='par_1_3' title="bbox 413 910 1245 1156">
     <span class='ocr_line' id='line_1_7' title="bbox 759 910 947 1005; baseline -0.005 -14"><span class='ocrx_word' id='word_1_45' title='bbox 759 918 797 1005; x_wconf 85' lang='lat'>§.</span> <span class='ocrx_word' id='word_1_46' title='bbox 826 919 911 991; x_wconf 83' lang='lat'><strong>533.</strong></span> <span class='ocrx_word' id='word_1_47' title='bbox 943 910 947 916; x_wconf 39' lang='lat'>¹</span> 
     </span>
     <span class='ocr_line' id='line_1_8' title="bbox 413 1053 1245 1156; baseline -0.007 -18"><span class='ocrx_word' id='word_1_48' title='bbox 413 1066 633 1139; x_wconf 57' lang='lat' dir='ltr'>Personabit</span> <span class='ocrx_word' id='word_1_49' title='bbox 659 1068 891 1139; x_wconf 79' lang='lat' dir='ltr'>Incorreetio</span> <span class='ocrx_word' id='word_1_50' title='bbox 920 1086 998 1139; x_wconf 84' lang='lat' dir='ltr'>noa</span> <span class='ocrx_word' id='word_1_51' title='bbox 1021 1053 1245 1156; x_wconf 67' lang='lat' dir='ltr'>pertonabat.</span> 
     </span>
    </p>
   </div>
   <div class='ocr_carea' id='block_1_3' title="bbox 192 1207 1434 3712">
    <p class='ocr_par' dir='ltr' id='par_1_4' title="bbox 192 1207 1434 2900">
     <span class='ocr_line' id='line_1_9' title="bbox 339 1207 1433 1294; baseline -0.007 -10"><span class='ocrx_word' id='word_1_52' title='bbox 339 1209 506 1284; x_wconf 88' lang='lat' dir='ltr'>Omnibus</span> <span class='ocrx_word' id='word_1_53' title='bbox 525 1221 658 1285; x_wconf 87' lang='lat' dir='ltr'>attente</span> <span class='ocrx_word' id='word_1_54' title='bbox 685 1211 787 1285; x_wconf 91' lang='lat' dir='ltr'>adse</span> <span class='ocrx_word' id='word_1_55' title='bbox 812 1215 966 1286; x_wconf 90' lang='lat' dir='ltr'>invicem</span> <span class='ocrx_word' id='word_1_56' title='bbox 991 1210 1198 1284; x_wconf 72' lang='lat' dir='ltr'>combinatis</span> <span class='ocrx_word' id='word_1_57' title='bbox 1217 1207 1433 1294; x_wconf 78' lang='lat' dir='ltr'>inclarescit,</span> 
     </span>
     <span class='ocr_line' id='line_1_10' title="bbox 236 1305 1433 1407; baseline -0.004 -25"><span class='ocrx_word' id='word_1_58' title='bbox 236 1314 371 1404; x_wconf 84' lang='lat' dir='ltr'>regiam</span> <span class='ocrx_word' id='word_1_59' title='bbox 390 1305 492 1385; x_wconf 91' lang='lat' dir='ltr'>istam</span> <span class='ocrx_word' id='word_1_60' title='bbox 510 1314 665 1385; x_wconf 90' lang='lat' dir='ltr'>militiam</span> <span class='ocrx_word' id='word_1_61' title='bbox 685 1317 715 1386; x_wconf 94' lang='lat' dir='ltr'>si</span> <span class='ocrx_word' id='word_1_62' title='bbox 732 1313 901 1407; x_wconf 78' lang='lat' dir='ltr'>reliquias</span> <span class='ocrx_word' id='word_1_63' title='bbox 920 1309 1125 1386; x_wconf 77' lang='lat' dir='ltr'>Castrorum</span> <span class='ocrx_word' id='word_1_64' title='bbox 1140 1312 1272 1398; x_wconf 87' lang='lat' dir='ltr'>demas,</span> <span class='ocrx_word' id='word_1_65' title='bbox 1292 1311 1433 1402; x_wconf 89' lang='lat' dir='ltr'>stipen-</span> 
     </span>
     <span class='ocr_line' id='line_1_11' title="bbox 238 1412 1434 1509; baseline -0.005 -26"><span class='ocrx_word' id='word_1_66' title='bbox 238 1413 369 1487; x_wconf 90' lang='lat' dir='ltr'>diarios</span> <span class='ocrx_word' id='word_1_67' title='bbox 398 1417 643 1509; x_wconf 91' lang='lat' dir='ltr'>potissimum,</span> <span class='ocrx_word' id='word_1_68' title='bbox 681 1415 900 1488; x_wconf 90' lang='lat' dir='ltr'>ereditibus</span> <span class='ocrx_word' id='word_1_69' title='bbox 938 1418 1048 1508; x_wconf 84' lang='lat' dir='ltr'>regiis</span> <span class='ocrx_word' id='word_1_70' title='bbox 1077 1415 1187 1501; x_wconf 92' lang='lat' dir='ltr'>altos,</span> <span class='ocrx_word' id='word_1_71' title='bbox 1226 1431 1367 1483; x_wconf 91' lang='lat' dir='ltr'>suorum</span> <span class='ocrx_word' id='word_1_72' title='bbox 1396 1412 1434 1478; x_wconf 93' lang='lat' dir='ltr'>in</span> 
     </span>
     <span class='ocr_line' id='line_1_12' title="bbox 237 1512 1428 1604; baseline -0.006 -19"><span class='ocrx_word' id='word_1_73' title='bbox 237 1536 383 1587; x_wconf 89' lang='lat' dir='ltr'>numero</span> <span class='ocrx_word' id='word_1_74' title='bbox 404 1519 599 1589; x_wconf 91' lang='lat' dir='ltr'>censuisse.</span> <span class='ocrx_word' id='word_1_75' title='bbox 628 1517 796 1590; x_wconf 90' lang='lat' dir='ltr'>Deviavit</span> <span class='ocrx_word' id='word_1_76' title='bbox 821 1519 961 1587; x_wconf 91' lang='lat' dir='ltr'>omnino</span> <span class='ocrx_word' id='word_1_77' title='bbox 980 1512 1102 1586; x_wconf 80' lang='lat' dir='ltr'>llollatr</span> <span class='ocrx_word' id='word_1_78' title='bbox 1131 1514 1166 1604; x_wconf 71' lang='lat' dir='ltr'>bJ</span> <span class='ocrx_word' id='word_1_79' title='bbox 1184 1512 1428 1596; x_wconf 85' lang='lat' dir='ltr'>vehementer,</span> 
     </span>
     <span class='ocr_line' id='line_1_13' title="bbox 237 1610 1431 1710; baseline -0.003 -26"><span class='ocrx_word' id='word_1_80' title='bbox 237 1637 315 1684; x_wconf 89' lang='lat' dir='ltr'>cum</span> <span class='ocrx_word' id='word_1_81' title='bbox 342 1617 568 1708; x_wconf 84' lang='lat' dir='ltr'>personalem</span> <span class='ocrx_word' id='word_1_82' title='bbox 594 1615 762 1688; x_wconf 88' lang='lat' dir='ltr'>nobilium</span> <span class='ocrx_word' id='word_1_83' title='bbox 786 1616 1084 1688; x_wconf 88' lang='lat' dir='ltr'>insurrectionem</span> <span class='ocrx_word' id='word_1_84' title='bbox 1110 1636 1176 1710; x_wconf 95' lang='lat' dir='ltr'>pro</span> <span class='ocrx_word' id='word_1_85' title='bbox 1202 1613 1314 1705; x_wconf 85' lang='lat' dir='ltr'>regali</span> <span class='ocrx_word' id='word_1_86' title='bbox 1331 1610 1431 1681; x_wconf 91' lang='lat' dir='ltr'>Ban-</span> 
     </span>
     <span class='ocr_line' id='line_1_14' title="bbox 238 1713 1433 1810; baseline -0.002 -27"><span class='ocrx_word' id='word_1_87' title='bbox 238 1713 337 1786; x_wconf 91' lang='lat' dir='ltr'>derio</span> <span class='ocrx_word' id='word_1_88' title='bbox 364 1713 565 1806; x_wconf 85' lang='lat' dir='ltr'>designavit</span> <span class='ocrx_word' id='word_1_89' title='bbox 594 1737 637 1785; x_wconf 92' lang='lat' dir='ltr'>eo</span> <span class='ocrx_word' id='word_1_90' title='bbox 667 1721 857 1810; x_wconf 91' lang='lat' dir='ltr'>praecipue</span> <span class='ocrx_word' id='word_1_91' title='bbox 877 1726 1105 1810; x_wconf 86' lang='lat' dir='ltr'>argumento:</span> <span class='ocrx_word' id='word_1_92' title='bbox 1134 1715 1228 1807; x_wconf 89' lang='lat' dir='ltr'>quod</span> <span class='ocrx_word' id='word_1_93' title='bbox 1257 1713 1316 1784; x_wconf 88' lang='lat' dir='ltr'>illa</span> <span class='ocrx_word' id='word_1_94' title='bbox 1337 1733 1433 1783; x_wconf 93' lang='lat' dir='ltr'>non-</span> 
     </span>
     <span class='ocr_line' id='line_1_15' title="bbox 236 1811 1431 1914; baseline -0.002 -30"><span class='ocrx_word' id='word_1_95' title='bbox 236 1815 305 1885; x_wconf 91' lang='lat' dir='ltr'>nisi</span> <span class='ocrx_word' id='word_1_96' title='bbox 331 1812 443 1907; x_wconf 85' lang='lat' dir='ltr'>Regis</span> <span class='ocrx_word' id='word_1_97' title='bbox 471 1815 534 1887; x_wconf 91' lang='lat' dir='ltr'>sub</span> <span class='ocrx_word' id='word_1_98' title='bbox 561 1817 695 1889; x_wconf 89' lang='lat' dir='ltr'>vexillo</span> <span class='ocrx_word' id='word_1_99' title='bbox 723 1811 770 1887; x_wconf 78' lang='lat' dir='ltr'>in¹</span> <span class='ocrx_word' id='word_1_100' title='bbox 796 1819 906 1888; x_wconf 83' lang='lat' dir='ltr'>aciem</span> <span class='ocrx_word' id='word_1_101' title='bbox 939 1816 1107 1914; x_wconf 89' lang='lat' dir='ltr'>prodiret.</span> <span class='ocrx_word' id='word_1_102' title='bbox 1153 1813 1242 1886; x_wconf 91' lang='lat' dir='ltr'>Nam</span> <span class='ocrx_word' id='word_1_103' title='bbox 1284 1815 1431 1908; x_wconf 90' lang='lat' dir='ltr'>opinio-</span> 
     </span>
     <span class='ocr_line' id='line_1_16' title="bbox 219 1915 1432 2012; baseline -0.003 -25"><span class='ocrx_word' id='word_1_104' title='bbox 219 1937 318 1987; x_wconf 81' lang='lat' dir='ltr'>nem</span> <span class='ocrx_word' id='word_1_105' title='bbox 345 1915 436 1987; x_wconf 92' lang='lat' dir='ltr'>banc</span> <span class='ocrx_word' id='word_1_106' title='bbox 461 1917 620 2012; x_wconf 86' lang='lat' dir='ltr'>¹alioquin</span> <span class='ocrx_word' id='word_1_107' title='bbox 636 1918 794 1990; x_wconf 90' lang='lat' dir='ltr'>historiis</span> <span class='ocrx_word' id='word_1_108' title='bbox 820 1922 1043 2006; x_wconf 87' lang='lat' dir='ltr'>contrariam,</span> <span class='ocrx_word' id='word_1_109' title='bbox 1073 1927 1109 1987; x_wconf 91' lang='lat' dir='ltr'>et</span> <span class='ocrx_word' id='word_1_110' title='bbox 1132 1917 1324 1987; x_wconf 77' lang='lat' dir='ltr'>Decretum</span> <span class='ocrx_word' id='word_1_111' title='bbox 1351 1915 1432 1984; x_wconf 89' lang='lat' dir='ltr'>An-</span> 
     </span>
     <span class='ocr_line' id='line_1_17' title="bbox 192 2010 1429 2109; baseline -0.003 -23"><span class='ocrx_word' id='word_1_112' title='bbox 192 2083 194 2086; x_wconf 83' lang='lat'>.</span> <span class='ocrx_word' id='word_1_113' title='bbox 238 2015 346 2089; x_wconf 89' lang='lat' dir='ltr'>dreae</span> <span class='ocrx_word' id='word_1_114' title='bbox 382 2015 426 2089; x_wconf 89' lang='lat' dir='ltr'>Il.</span> <span class='ocrx_word' id='word_1_115' title='bbox 458 2021 490 2109; x_wconf 75' lang='lat'>⁰)</span> <span class='ocrx_word' id='word_1_116' title='bbox 521 2029 557 2091; x_wconf 92' lang='lat' dir='ltr'>et</span> <span class='ocrx_word' id='word_1_117' title='bbox 597 2021 868 2092; x_wconf 72' lang='lat' dir='ltr'>constitutiones</span> <span class='ocrx_word' id='word_1_118' title='bbox 896 2021 1118 2092; x_wconf 88' lang='lat' dir='ltr'>recentiores</span> <span class='ocrx_word' id='word_1_119' title='bbox 1146 2018 1351 2090; x_wconf 88' lang='lat' dir='ltr'>convellunt</span> <span class='ocrx_word' id='word_1_120' title='bbox 1375 2010 1429 2104; x_wconf 70' lang='lat'>⁴⁵).</span> 
     </span>
     <span class='ocr_line' id='line_1_18' title="bbox 236 2119 1431 2218; baseline -0.007 -26"><span class='ocrx_word' id='word_1_121' title='bbox 236 2119 428 2192; x_wconf 87' lang='lat' dir='ltr'>Praeterea</span> <span class='ocrx_word' id='word_1_122' title='bbox 454 2125 628 2194; x_wconf 85' lang='lat' dir='ltr'>rationem</span> <span class='ocrx_word' id='word_1_123' title='bbox 657 2121 841 2210; x_wconf 89' lang='lat' dir='ltr'>desidero,</span> <span class='ocrx_word' id='word_1_124' title='bbox 869 2131 1015 2218; x_wconf 89' lang='lat' dir='ltr'>propter</span> <span class='ocrx_word' id='word_1_125' title='bbox 1044 2142 1148 2214; x_wconf 89' lang='lat' dir='ltr'>quam</span> <span class='ocrx_word' id='word_1_126' title='bbox 1172 2121 1209 2190; x_wconf 92' lang='lat' dir='ltr'>in</span> <span class='ocrx_word' id='word_1_127' title='bbox 1242 2120 1318 2208; x_wconf 84' lang='lat' dir='ltr'>ejas</span> <span class='ocrx_word' id='word_1_128' title='bbox 1346 2135 1431 2186; x_wconf 92' lang='lat' dir='ltr'>ere-</span> 
     </span>
     <span class='ocr_line' id='line_1_19' title="bbox 240 2214 1431 2316; baseline -0.006 -25"><span class='ocrx_word' id='word_1_129' title='bbox 240 2225 394 2294; x_wconf 90' lang='lat' dir='ltr'>ctionem</span> <span class='ocrx_word' id='word_1_130' title='bbox 421 2235 617 2316; x_wconf 86' lang='lat' dir='ltr'>proventus</span> <span class='ocrx_word' id='word_1_131' title='bbox 644 2225 736 2315; x_wconf 83' lang='lat' dir='ltr'>regii</span> <span class='ocrx_word' id='word_1_132' title='bbox 766 2225 968 2296; x_wconf 90' lang='lat' dir='ltr'>evasissent</span> <span class='ocrx_word' id='word_1_133' title='bbox 996 2223 1215 2309; x_wconf 90' lang='lat' dir='ltr'>necessarii,</span> <span class='ocrx_word' id='word_1_134' title='bbox 1249 2224 1279 2291; x_wconf 91' lang='lat' dir='ltr'>si</span> <span class='ocrx_word' id='word_1_135' title='bbox 1305 2214 1431 2289; x_wconf 88' lang='lat' dir='ltr'>talibus</span> 
     </span>
     <span class='ocr_line' id='line_1_20' title="bbox 237 2317 1432 2414; baseline -0.006 -21"><span class='ocrx_word' id='word_1_136' title='bbox 237 2321 331 2393; x_wconf 88' lang='lat' dir='ltr'>istud</span> <span class='ocrx_word' id='word_1_137' title='bbox 369 2321 536 2392; x_wconf 87' lang='lat' dir='ltr'>duntaxat</span> <span class='ocrx_word' id='word_1_138' title='bbox 571 2323 776 2412; x_wconf 80' lang='lat' dir='ltr'>constabat,</span> <span class='ocrx_word' id='word_1_139' title='bbox 803 2323 947 2414; x_wconf 86' lang='lat' dir='ltr'>quibus,</span> <span class='ocrx_word' id='word_1_140' title='bbox 975 2342 1061 2393; x_wconf 90' lang='lat' dir='ltr'>casu</span> <span class='ocrx_word' id='word_1_141' title='bbox 1094 2330 1320 2414; x_wconf 75' lang='lat' dir='ltr'>emergente,</span> <span class='ocrx_word' id='word_1_142' title='bbox 1358 2317 1432 2386; x_wconf 90' lang='lat' dir='ltr'>suis</span> 
     </span>
     <span class='ocr_line' id='line_1_21' title="bbox 237 2417 1431 2495; baseline -0.006 -2"><span class='ocrx_word' id='word_1_143' title='bbox 237 2424 274 2493; x_wconf 92' lang='lat' dir='ltr'>in</span> <span class='ocrx_word' id='word_1_144' title='bbox 298 2423 436 2493; x_wconf 89' lang='lat' dir='ltr'>Patriae</span> <span class='ocrx_word' id='word_1_145' title='bbox 470 2421 715 2495; x_wconf 81' lang='lat' dir='ltr'>defensionem</span> <span class='ocrx_word' id='word_1_146' title='bbox 745 2421 913 2494; x_wconf 89' lang='lat' dir='ltr'>sumtibus</span> <span class='ocrx_word' id='word_1_147' title='bbox 942 2421 1156 2494; x_wconf 90' lang='lat' dir='ltr'>militandum</span> <span class='ocrx_word' id='word_1_148' title='bbox 1185 2421 1287 2493; x_wconf 84' lang='lat' dir='ltr'>erat?</span> <span class='ocrx_word' id='word_1_149' title='bbox 1319 2417 1431 2489; x_wconf 91' lang='lat' dir='ltr'>Nemo</span> 
     </span>
     <span class='ocr_line' id='line_1_22' title="bbox 239 2520 1433 2616; baseline -0.006 -22"><span class='ocrx_word' id='word_1_150' title='bbox 239 2521 391 2616; x_wconf 90' lang='lat' dir='ltr'>denique</span> <span class='ocrx_word' id='word_1_151' title='bbox 410 2521 660 2616; x_wconf 86' lang='lat' dir='ltr'>obligationem</span> <span class='ocrx_word' id='word_1_152' title='bbox 678 2520 847 2595; x_wconf 91' lang='lat' dir='ltr'>militandi</span> <span class='ocrx_word' id='word_1_153' title='bbox 864 2525 1055 2598; x_wconf 90' lang='lat' dir='ltr'>universae</span> <span class='ocrx_word' id='word_1_154' title='bbox 1074 2521 1255 2595; x_wconf 91' lang='lat' dir='ltr'>Nobilitati</span> <span class='ocrx_word' id='word_1_155' title='bbox 1273 2538 1433 2592; x_wconf 91' lang='lat' dir='ltr'>commu-</span> 
     </span>
     <span class='ocr_line' id='line_1_23' title="bbox 237 2623 1432 2722; baseline -0.004 -27"><span class='ocrx_word' id='word_1_156' title='bbox 237 2644 319 2695; x_wconf 90' lang='lat' dir='ltr'>nem</span> <span class='ocrx_word' id='word_1_157' title='bbox 338 2623 580 2696; x_wconf 89' lang='lat' dir='ltr'>adnumerum</span> <span class='ocrx_word' id='word_1_158' title='bbox 606 2629 789 2722; x_wconf 90' lang='lat' dir='ltr'>praecise,</span> <span class='ocrx_word' id='word_1_159' title='bbox 816 2647 920 2720; x_wconf 90' lang='lat' dir='ltr'>quem</span> <span class='ocrx_word' id='word_1_160' title='bbox 948 2627 1084 2720; x_wconf 86' lang='lat' dir='ltr'>regium</span> <span class='ocrx_word' id='word_1_161' title='bbox 1100 2623 1311 2696; x_wconf 90' lang='lat' dir='ltr'>Banderium</span> <span class='ocrx_word' id='word_1_162' title='bbox 1330 2640 1432 2692; x_wconf 89' lang='lat' dir='ltr'>oom-</span> 
     </span>
     <span class='ocr_line' id='line_1_24' title="bbox 237 2723 1431 2824; baseline -0.003 -30"><span class='ocrx_word' id='word_1_163' title='bbox 237 2724 471 2820; x_wconf 91' lang='lat' dir='ltr'>plectebatur,</span> <span class='ocrx_word' id='word_1_164' title='bbox 491 2728 558 2796; x_wconf 89' lang='lat' dir='ltr'>etsi</span> <span class='ocrx_word' id='word_1_165' title='bbox 576 2726 676 2822; x_wconf 91' lang='lat' dir='ltr'>plura</span> <span class='ocrx_word' id='word_1_166' title='bbox 696 2728 822 2799; x_wconf 90' lang='lat' dir='ltr'>eodem</span> <span class='ocrx_word' id='word_1_167' title='bbox 840 2737 1012 2824; x_wconf 73' lang='lat' dir='ltr'>tempore⁴</span> <span class='ocrx_word' id='word_1_168' title='bbox 1020 2729 1202 2800; x_wconf 84' lang='lat' dir='ltr'>exstitisse</span> <span class='ocrx_word' id='word_1_169' title='bbox 1220 2723 1431 2808; x_wconf 82' lang='lat' dir='ltr'>admiserim,</span> 
     </span>
     <span class='ocr_line' id='line_1_25' title="bbox 238 2822 825 2900; baseline 0.007 -6"><span class='ocrx_word' id='word_1_170' title='bbox 238 2829 438 2897; x_wconf 89' lang='lat' dir='ltr'>restrictam</span> <span class='ocrx_word' id='word_1_171' title='bbox 464 2822 576 2898; x_wconf 82' lang='lat' dir='ltr'>fuisso</span> <span class='ocrx_word' id='word_1_172' title='bbox 605 2827 825 2900; x_wconf 89' lang='lat' dir='ltr'>existimabit.</span> 
     </span>
    </p>

    <p class='ocr_par' dir='ltr' id='par_1_5' title="bbox 198 2937 1433 3544">
     <span class='ocr_line' id='line_1_26' title="bbox 198 2937 1433 3028; baseline -0.002 -21"><span class='ocrx_word' id='word_1_173' title='bbox 198 2955 202 2965; x_wconf 74' lang='grc'><strong>“</strong></span> <span class='ocrx_word' id='word_1_174' title='bbox 281 2943 321 3028; x_wconf 70' lang='lat'>⁴⁵)</span> <span class='ocrx_word' id='word_1_175' title='bbox 345 2945 509 3010; x_wconf 78' lang='lat' dir='ltr'>Sortiecerit</span> <span class='ocrx_word' id='word_1_176' title='bbox 540 2949 651 3027; x_wconf 88' lang='lat' dir='ltr'>unius,</span> <span class='ocrx_word' id='word_1_177' title='bbox 684 2949 853 3012; x_wconf 86' lang='lat' dir='ltr'>alteriusve</span> <span class='ocrx_word' id='word_1_178' title='bbox 884 2958 999 3014; x_wconf 81' lang='lat' dir='ltr'>tentum</span> <span class='ocrx_word' id='word_1_179' title='bbox 1032 2937 1172 3014; x_wconf 88' lang='lat' dir='ltr'>revelare</span> <span class='ocrx_word' id='word_1_180' title='bbox 1204 2949 1316 3028; x_wconf 86' lang='lat' dir='ltr'>„Quod</span> <span class='ocrx_word' id='word_1_181' title='bbox 1347 2944 1433 3026; x_wconf 84' lang='lat' dir='ltr'>regia</span> 
     </span>
     <span class='ocr_line' id='line_1_27' title="bbox 323 3032 1433 3117; baseline 0.001 -25"><span class='ocrx_word' id='word_1_182' title='bbox 323 3032 480 3113; x_wconf 82' lang='lat' dir='ltr'>„dignitas</span> <span class='ocrx_word' id='word_1_183' title='bbox 507 3067 544 3079; x_wconf 91' lang='lat'>-</span> <span class='ocrx_word' id='word_1_184' title='bbox 568 3035 612 3096; x_wconf 88' lang='lat' dir='ltr'>ait</span> <span class='ocrx_word' id='word_1_185' title='bbox 636 3036 682 3098; x_wconf 86' lang='lat' dir='ltr'>lex</span> <span class='ocrx_word' id='word_1_186' title='bbox 704 3035 825 3099; x_wconf 79' lang='lat' dir='ltr'>alberti</span> <span class='ocrx_word' id='word_1_187' title='bbox 848 3037 885 3097; x_wconf 91' lang='lat' dir='ltr'>da</span> <span class='ocrx_word' id='word_1_188' title='bbox 904 3038 1113 3117; x_wconf 88' lang='lat' dir='ltr'>stipendiatis‚</span> <span class='ocrx_word' id='word_1_189' title='bbox 1138 3045 1167 3098; x_wconf 89' lang='lat' dir='ltr'>et</span> <span class='ocrx_word' id='word_1_190' title='bbox 1183 3037 1317 3098; x_wconf 84' lang='lat' dir='ltr'>exercitu</span> <span class='ocrx_word' id='word_1_191' title='bbox 1335 3050 1433 3112; x_wconf 84' lang='lat' dir='ltr'>gene-</span> 
     </span>
     <span class='ocr_line' id='line_1_28' title="bbox 323 3115 1432 3202; baseline -0.004 -24"><span class='ocrx_word' id='word_1_192' title='bbox 323 3117 405 3194; x_wconf 86' lang='lat' dir='ltr'>„rali</span> <span class='ocrx_word' id='word_1_193' title='bbox 427 3136 543 3182; x_wconf 85' lang='lat' dir='ltr'>sonans</span> <span class='ocrx_word' id='word_1_194' title='bbox 559 3117 592 3202; x_wconf 76' lang='lat' dir='ltr'>d)</span> <span class='ocrx_word' id='word_1_195' title='bbox 617 3157 658 3167; x_wconf 92' lang='lat'><em>-</em></span> <span class='ocrx_word' id='word_1_196' title='bbox 681 3141 737 3201; x_wconf 90' lang='lat' dir='ltr'>pro</span> <span class='ocrx_word' id='word_1_197' title='bbox 760 3122 892 3184; x_wconf 88' lang='lat' dir='ltr'>tuitione</span> <span class='ocrx_word' id='word_1_198' title='bbox 914 3123 1025 3202; x_wconf 82' lang='lat' dir='ltr'>Regni,</span> <span class='ocrx_word' id='word_1_199' title='bbox 1050 3131 1080 3184; x_wconf 87' lang='lat' dir='ltr'>et</span> <span class='ocrx_word' id='word_1_200' title='bbox 1097 3121 1310 3184; x_wconf 84' lang='lat' dir='ltr'>Gontiniorum</span> <span class='ocrx_word' id='word_1_201' title='bbox 1329 3115 1432 3196; x_wconf 88' lang='lat' dir='ltr'>ipsius</span> 
     </span>
     <span class='ocr_line' id='line_1_29' title="bbox 323 3200 1432 3282; baseline -0.007 -16"><span class='ocrx_word' id='word_1_202' title='bbox 323 3205 583 3282; x_wconf 86' lang='lat' dir='ltr'>„conservatione</span> <span class='ocrx_word' id='word_1_203' title='bbox 617 3207 796 3270; x_wconf 87' lang='lat' dir='ltr'>bominibus</span> <span class='ocrx_word' id='word_1_204' title='bbox 831 3209 900 3268; x_wconf 92' lang='lat' dir='ltr'>suis</span> <span class='ocrx_word' id='word_1_205' title='bbox 931 3207 1172 3269; x_wconf 81' lang='lat' dir='ltr'>exercitualibus</span> <span class='ocrx_word' id='word_1_206' title='bbox 1205 3207 1242 3267; x_wconf 92' lang='lat' dir='ltr'>de</span> <span class='ocrx_word' id='word_1_207' title='bbox 1276 3200 1432 3282; x_wconf 89' lang='lat' dir='ltr'>stipendio</span> 
     </span>
     <span class='ocr_line' id='line_1_30' title="bbox 324 3289 1431 3372; baseline -0.005 -22"><span class='ocrx_word' id='word_1_208' title='bbox 324 3289 444 3371; x_wconf 85' lang='lat' dir='ltr'>„regali</span> <span class='ocrx_word' id='word_1_209' title='bbox 466 3291 693 3370; x_wconf 89' lang='lat' dir='ltr'>dispositiones</span> <span class='ocrx_word' id='word_1_210' title='bbox 716 3291 809 3355; x_wconf 89' lang='lat' dir='ltr'>iaciat</span> <span class='ocrx_word' id='word_1_211' title='bbox 832 3293 877 3354; x_wconf 86' lang='lat' dir='ltr'>sle</span> <span class='ocrx_word' id='word_1_212' title='bbox 901 3293 982 3371; x_wconf 92' lang='lat' dir='ltr'>quod</span> <span class='ocrx_word' id='word_1_213' title='bbox 1005 3290 1190 3372; x_wconf 86' lang='lat' dir='ltr'>Regnicolas</span> <span class='ocrx_word' id='word_1_214' title='bbox 1213 3290 1276 3370; x_wconf 90' lang='lat' dir='ltr'>ipsi</span> <span class='ocrx_word' id='word_1_215' title='bbox 1305 3289 1431 3366; x_wconf 89' lang='lat' dir='ltr'>stipen-</span> 
     </span>
     <span class='ocr_line' id='line_1_31' title="bbox 324 3369 1432 3456; baseline -0.004 -23"><span class='ocrx_word' id='word_1_216' title='bbox 324 3375 423 3448; x_wconf 85' lang='lat' dir='ltr'>„diati</span> <span class='ocrx_word' id='word_1_217' title='bbox 445 3377 670 3438; x_wconf 77' lang='lat' dir='ltr'>exercitarentes</span> <span class='ocrx_word' id='word_1_218' title='bbox 694 3396 755 3438; x_wconf 92' lang='lat' dir='ltr'>non</span> <span class='ocrx_word' id='word_1_219' title='bbox 779 3378 976 3456; x_wconf 81' lang='lat' dir='ltr'>praedentur.</span> <span class='ocrx_word' id='word_1_220' title='bbox 999 3375 1162 3438; x_wconf 80' lang='lat' dir='ltr'>Exercitus</span> <span class='ocrx_word' id='word_1_221' title='bbox 1186 3395 1258 3438; x_wconf 87' lang='lat' dir='ltr'>vero</span> <span class='ocrx_word' id='word_1_222' title='bbox 1278 3369 1432 3456; x_wconf 86' lang='lat' dir='ltr'>generalis</span> 
     </span>
     <span class='ocr_line' id='line_1_32' title="bbox 325 3459 1433 3544; baseline -0.005 -24"><span class='ocrx_word' id='word_1_223' title='bbox 325 3459 526 3540; x_wconf 82' lang='lat' dir='ltr'>„Regnicolis</span> <span class='ocrx_word' id='word_1_224' title='bbox 554 3460 683 3536; x_wconf 89' lang='lat' dir='ltr'>tamdiu,</span> <span class='ocrx_word' id='word_1_225' title='bbox 705 3462 802 3524; x_wconf 90' lang='lat' dir='ltr'>donec</span> <span class='ocrx_word' id='word_1_226' title='bbox 825 3459 1005 3544; x_wconf 78' lang='lat' dir='ltr'>hujusmodi</span> <span class='ocrx_word' id='word_1_227' title='bbox 1029 3460 1210 3542; x_wconf 89' lang='lat' dir='ltr'>stipendiati</span> <span class='ocrx_word' id='word_1_228' title='bbox 1234 3459 1433 3522; x_wconf 80' lang='lat' dir='ltr'>exereituan-</span> 
     </span>
    </p>

    <p class='ocr_par' dir='ltr' id='par_1_6' title="bbox 302 3543 1433 3712">
     <span class='ocr_line' id='line_1_33' title="bbox 302 3543 1433 3626; baseline -0.004 -20"><span class='ocrx_word' id='word_1_229' title='bbox 302 3553 393 3620; x_wconf 86' lang='lat' dir='ltr'>¹„tes</span> <span class='ocrx_word' id='word_1_230' title='bbox 428 3545 620 3607; x_wconf 82' lang='lat' dir='ltr'>adversariis</span> <span class='ocrx_word' id='word_1_231' title='bbox 654 3547 802 3606; x_wconf 86' lang='lat' dir='ltr'>resistere</span> <span class='ocrx_word' id='word_1_232' title='bbox 834 3556 998 3624; x_wconf 86' lang='lat' dir='ltr'>poterunt,</span> <span class='ocrx_word' id='word_1_233' title='bbox 1031 3566 1093 3607; x_wconf 94' lang='lat' dir='ltr'>non</span> <span class='ocrx_word' id='word_1_234' title='bbox 1123 3545 1330 3626; x_wconf 88' lang='lat' dir='ltr'>proclametur</span> <span class='ocrx_word' id='word_1_235' title='bbox 1352 3543 1433 3604; x_wconf 81' lang='lat' dir='ltr'>etc.“</span> 
     </span>
     <span class='ocr_line' id='line_1_34' title="bbox 324 3629 1429 3712; baseline -0.005 -22"><span class='ocrx_word' id='word_1_236' title='bbox 324 3630 432 3691; x_wconf 85' lang='lat' dir='ltr'>Altera</span> <span class='ocrx_word' id='word_1_237' title='bbox 454 3631 512 3690; x_wconf 88' lang='lat' dir='ltr'>sub</span> <span class='ocrx_word' id='word_1_238' title='bbox 543 3629 706 3707; x_wconf 76' lang='lat' dir='ltr'>liudolpho</span> <span class='ocrx_word' id='word_1_239' title='bbox 739 3631 848 3690; x_wconf 90' lang='lat' dir='ltr'>statuit</span> <span class='ocrx_word' id='word_1_240' title='bbox 861 3634 910 3710; x_wconf 70' lang='lat' dir='ltr'>‘la</span> <span class='ocrx_word' id='word_1_241' title='bbox 933 3631 998 3707; x_wconf 79' lang='lat' dir='ltr'>„Ut</span> <span class='ocrx_word' id='word_1_242' title='bbox 1029 3633 1093 3693; x_wconf 89' lang='lat' dir='ltr'>Sua</span> <span class='ocrx_word' id='word_1_243' title='bbox 1125 3629 1278 3712; x_wconf 85' lang='lat' dir='ltr'>Majestas</span> <span class='ocrx_word' id='word_1_244' title='bbox 1310 3643 1429 3708; x_wconf 86' lang='lat' dir='ltr'>quoque</span> 
     </span>
    </p>
   </div>
   <div class='ocr_carea' id='block_1_4' title="bbox 248 3709 1434 3880">
    <p class='ocr_par' dir='ltr' id='par_1_7' title="bbox 248 3709 1434 3880">
     <span class='ocr_line' id='line_1_35' title="bbox 248 3709 1434 3795; baseline -0.004 -21"><span class='ocrx_word' id='word_1_245' title='bbox 248 3747 250 3752; x_wconf 83' lang='lat'><em>.</em></span> <span class='ocrx_word' id='word_1_246' title='bbox 325 3713 502 3786; x_wconf 84' lang='lat' dir='ltr'>„Caesarea</span> <span class='ocrx_word' id='word_1_247' title='bbox 525 3731 615 3773; x_wconf 91' lang='lat' dir='ltr'>suum</span> <span class='ocrx_word' id='word_1_248' title='bbox 634 3709 825 3777; x_wconf 81' lang='lat' dir='ltr'>¹[londonium</span> <span class='ocrx_word' id='word_1_249' title='bbox 847 3733 933 3776; x_wconf 87' lang='lat' dir='ltr'>more</span> <span class='ocrx_word' id='word_1_250' title='bbox 956 3715 1050 3777; x_wconf 91' lang='lat' dir='ltr'>solito</span> <span class='ocrx_word' id='word_1_251' title='bbox 1073 3716 1106 3777; x_wconf 91' lang='lat' dir='ltr'>in</span> <span class='ocrx_word' id='word_1_252' title='bbox 1129 3735 1236 3795; x_wconf 89' lang='lat' dir='ltr'>eampo</span> <span class='ocrx_word' id='word_1_253' title='bbox 1253 3716 1379 3786; x_wconf 88' lang='lat' dir='ltr'>babeat,</span> <span class='ocrx_word' id='word_1_254' title='bbox 1402 3717 1434 3770; x_wconf 90' lang='lat' dir='ltr'>et</span> 
     </span>
     <span class='ocr_line' id='line_1_36' title="bbox 325 3791 1432 3880; baseline 0.001 -26"><span class='ocrx_word' id='word_1_255' title='bbox 325 3795 475 3869; x_wconf 89' lang='lat' dir='ltr'>„militem</span> <span class='ocrx_word' id='word_1_256' title='bbox 500 3791 708 3858; x_wconf 77' lang='lat' dir='ltr'>comitatuum</span> <span class='ocrx_word' id='word_1_257' title='bbox 731 3799 774 3858; x_wconf 91' lang='lat' dir='ltr'>ita</span> <span class='ocrx_word' id='word_1_258' title='bbox 797 3817 919 3877; x_wconf 87' lang='lat' dir='ltr'>semper</span> <span class='ocrx_word' id='word_1_259' title='bbox 948 3803 1130 3880; x_wconf 89' lang='lat' dir='ltr'>praecedat,</span> <span class='ocrx_word' id='word_1_260' title='bbox 1160 3810 1194 3864; x_wconf 92' lang='lat' dir='ltr'>ut</span> <span class='ocrx_word' id='word_1_261' title='bbox 1216 3801 1265 3863; x_wconf 90' lang='lat' dir='ltr'>bic</span> <span class='ocrx_word' id='word_1_262' title='bbox 1287 3800 1377 3863; x_wconf 90' lang='lat' dir='ltr'>miles</span> <span class='ocrx_word' id='word_1_263' title='bbox 1399 3794 1432 3856; x_wconf 94' lang='lat' dir='ltr'>in</span> 
     </span>
    </p>
   </div>
   <div class='ocr_carea' id='block_1_5' title="bbox 242 3895 448 3914">
    <p class='ocr_par' dir='ltr' id='par_1_8' title="bbox 242 3895 448 3914">
     <span class='ocr_line' id='line_1_37' title="bbox 242 3895 448 3914; baseline -0.005 0"><span class='ocrx_word' id='word_1_264' title='bbox 242 3895 448 3914; x_wconf 53' lang='lat' dir='ltr'>a———U</span> 
     </span>
    </p>
   </div>
   <div class='ocr_carea' id='block_1_6' title="bbox 267 3921 1001 4106">
    <p class='ocr_par' dir='ltr' id='par_1_9' title="bbox 267 3921 1001 4106">
     <span class='ocr_line' id='line_1_38' title="bbox 269 3921 976 4018; baseline 0.017 -23"><span class='ocrx_word' id='word_1_265' title='bbox 269 3945 295 4007; x_wconf 79' lang='lat'>⁸)</span> <span class='ocrx_word' id='word_1_266' title='bbox 314 3947 344 3996; x_wconf 89' lang='lat' dir='ltr'>la</span> <span class='ocrx_word' id='word_1_267' title='bbox 362 3921 447 4012; x_wconf 79' lang='lat' dir='ltr'>supp.</span> <span class='ocrx_word' id='word_1_268' title='bbox 466 3945 498 3994; x_wconf 85' lang='lat' dir='ltr'>ad</span> <span class='ocrx_word' id='word_1_269' title='bbox 518 3945 595 4000; x_wconf 76' lang='lat' dir='ltr'>vect.</span> <span class='ocrx_word' id='word_1_270' title='bbox 614 3947 710 4001; x_wconf 82' lang='lat' dir='ltr'>comta</span> <span class='ocrx_word' id='word_1_271' title='bbox 730 3965 754 4002; x_wconf 84' lang='lat' dir='ltr'>a.</span> <span class='ocrx_word' id='word_1_272' title='bbox 774 3967 798 4018; x_wconf 90' lang='lat' dir='ltr'>p.</span> <span class='ocrx_word' id='word_1_273' title='bbox 817 3953 976 4008; x_wconf 52' lang='grc' dir='ltr'>πον-459.</span> 
     </span>
     <span class='ocr_line' id='line_1_39' title="bbox 267 4029 1001 4106; baseline 0.019 -25"><span class='ocrx_word' id='word_1_274' title='bbox 267 4029 298 4095; x_wconf 66' lang='lat' dir='ltr'>b)</span> <span class='ocrx_word' id='word_1_275' title='bbox 315 4033 388 4085; x_wconf 77' lang='lat' dir='ltr'>illst.</span> <span class='ocrx_word' id='word_1_276' title='bbox 403 4035 463 4083; x_wconf 79' lang='lat' dir='ltr'>Jnr.</span> <span class='ocrx_word' id='word_1_277' title='bbox 482 4029 545 4096; x_wconf 87' lang='lat' dir='ltr'>pub.</span> <span class='ocrx_word' id='word_1_278' title='bbox 564 4033 779 4091; x_wconf 76' lang='lat' dir='ltr'>Amoen.v.11.</span> <span class='ocrx_word' id='word_1_279' title='bbox 799 4039 827 4092; x_wconf 80' lang='lat'>0.</span> <span class='ocrx_word' id='word_1_280' title='bbox 847 4041 895 4094; x_wconf 84' lang='lat' dir='ltr'>lv.</span> <span class='ocrx_word' id='word_1_281' title='bbox 914 4055 940 4106; x_wconf 86' lang='lat' dir='ltr'>p.</span> <span class='ocrx_word' id='word_1_282' title='bbox 959 4044 1001 4095; x_wconf 87' lang='grc'>87.</span> 
     </span>
    </p>
   </div>
   <div class='ocr_carea' id='block_1_7' title="bbox 148 4113 439 4186">
    <p class='ocr_par' dir='ltr' id='par_1_10' title="bbox 148 4113 439 4186">
     <span class='ocr_line' id='line_1_40' title="bbox 148 4113 439 4186; baseline -0.027 -12"><span class='ocrx_word' id='word_1_283' title='bbox 148 4169 154 4186; x_wconf 75' lang='grc'><em>,</em></span> <span class='ocrx_word' id='word_1_284' title='bbox 272 4113 297 4174; x_wconf 82' lang='grc'>·)</span> <span class='ocrx_word' id='word_1_285' title='bbox 316 4116 394 4168; x_wconf 80' lang='lat' dir='ltr'>saca.</span> <span class='ocrx_word' id='word_1_286' title='bbox 413 4119 439 4166; x_wconf 79' lang='lat' dir='ltr'>a.</span> 
     </span>
    </p>
   </div>
   <div class='ocr_carea' id='block_1_8' title="bbox 269 4195 521 4360">
    <p class='ocr_par' dir='ltr' id='par_1_11' title="bbox 269 4195 521 4360">
     <span class='ocr_line' id='line_1_41' title="bbox 269 4195 439 4262; baseline -0.006 -13"><span class='ocrx_word' id='word_1_287' title='bbox 269 4195 299 4262; x_wconf 70' lang='lat' dir='ltr'>d)</span> <span class='ocrx_word' id='word_1_288' title='bbox 319 4200 396 4250; x_wconf 76' lang='lat' dir='ltr'>eoas.</span> <span class='ocrx_word' id='word_1_289' title='bbox 415 4200 439 4249; x_wconf 85' lang='lat' dir='ltr'>a.</span> 
     </span>
     <span class='ocr_line' id='line_1_42' title="bbox 272 4275 521 4360; baseline -0.004 -27"><span class='ocrx_word' id='word_1_290' title='bbox 272 4275 521 4360; x_wconf 65' lang='lat' dir='ltr'>emmaus</span> 
     </span>
    </p>
   </div>
   <div class='ocr_carea' id='block_1_9' title="bbox 0 0 1574 4852">
    <p class='ocr_par' dir='ltr' id='par_1_12' title="bbox 0 0 1574 4852">
     <span class='ocr_line' id='line_1_43' title="bbox 0 0 1574 4852; baseline 0 0"><span class='ocrx_word' id='word_1_291' title='bbox 0 0 1574 4852; x_wconf 95' lang='lat' dir='ltr'> </span> 
     </span>
    </p>
   </div>
  </div>
 </body>
</html>
