3158 4864
713 393 750 480 §.
780 392 865 466 262.

534 541 721 634 Adoptio,
758 557 794 614 et
818 545 1042 635 Praefectos.

295 685 600 779 Praefectioncm,
644 688 952 786 Adoptionemque
994 689 1130 784 Regiae
1173 687 1388 765 Donationis

195 788 352 882 speeiem
370 791 613 881 constituere,
640 803 771 864 norunt
788 792 1039 868 iurisconsulti
1069 784 1120 892 ·);
1149 790 1290 884 quodve
1316 796 1388 865 vim

195 888 403 963 nobilitandi
420 891 594 982 habeant,
621 915 693 966 non
711 893 851 988 quidem
868 916 934 991 per
952 915 1015 984 se,
1044 892 1109 965 sed
1137 915 1183 965 ex
1202 891 1388 966 consensu

193 995 319 1085 regio,
339 1013 443 1088 quem
460 995 686 1092 privilegium
705 995 859 1093 desuper
877 1016 1089 1069 eoncessum
1107 996 1268 1090 perinde,
1283 1005 1387 1090 atque

194 1103 359 1166 caeterae
387 1095 597 1169 donationes
616 1100 763 1171 innectit
792 1093 833 1272 hp.
864 1097 945 1171 Non
965 1119 1052 1191 ergo
1082 1117 1237 1170 necesse
1256 1096 1388 1189 evadit,

194 1197 237 1268 iis
257 1200 362 1269 etiam
379 1196 507 1271 litteris
537 1199 687 1271 collatae
705 1198 798 1273 Nobi
813 1203 908 1273 itatis
937 1203 1120 1296 expressis
1137 1199 1259 1271 verbis
1278 1221 1386 1271 men-

193 1299 326 1369 tionem
352 1298 484 1371 iaeere.
521 1299 618 1371 Idem
650 1304 686 1373 in
717 1301 1005 1374 translationibus
1032 1300 1205 1372 bonorum
1242 1300 1389 1390 obtinet,

196 1397 382 1474 Consensu
409 1404 511 1496 regio
538 1402 732 1474 accedente
761 1405 856 1497 ,qui
881 1412 995 1473 -ut
1023 1422 1090 1474 nos
1118 1398 1271 1473 reflectit
1288 1401 1388 1473 Ver-

195 1500 587 1602 bdenius-pariter
618 1499 1390 1607 ⁰)vimhabetregiaedonationis.“

747 1729 755 1744 .
784 1677 869 1749 263.

453 1804 608 1890 spectes
625 1675 859 1874 monitione
875 1803 1020 1891 Regiae
1036 1815 1130 1872 cunt.

296 1945 412 2034 Plura,
430 1967 522 2038 quae
550 1945 593 2018 de
612 1951 747 2018 cunctis
764 1945 956 2038 Regiorum
979 1945 1218 2017 Donationem
1245 1947 1390 2041 specie-

195 2052 261 2122 bus
289 2047 358 2118 dici
381 2057 548 2141 possent,
576 2066 622 2117 ex
645 2047 727 2136 jure
755 2049 918 2141 privato,
947 2065 1115 2139 quorsum
1141 2049 1253 2136 magis
1272 2051 1390 2141 perti-

196 2161 303 2239 nent,
332 2159 434 2219 erunt
460 2146 624 2241 petenda.
654 2146 700 2219 Ut
723 2158 841 2218 tamen
873 2146 1082 2242 quidnobis
1112 2149 1157 2218 sit
1174 2145 1389 2236 Praefectio,

195 2252 396 2348 peregrinis
410 2245 549 2340 juribus
568 2250 770 2342 incognita,
800 2250 895 2321 clare
920 2267 1073 2337 noscas,
1101 2244 1291 2319 notandum
1310 2257 1388 2319 est:

197 2354 291 2449 quod
307 2351 407 2424 Bona
425 2372 490 2446 per
520 2349 670 2443 Regiam
693 2350 931 2423 Donationem
958 2351 1137 2443 quaesita,
1165 2347 1303 2443 quando
1324 2369 1391 2422 so-

195 2458 251 2528 los
270 2455 453 2526 Donatarii
471 2450 645 2524 haeredes
663 2453 841 2525 masculos
871 2453 1091 2546 respiciunt,
1118 2453 1197 2521 istis
1216 2448 1390 2522 deficien-
1487 2519 1489 2523 .

197 2555 312 2644 tibus,
339 2553 383 2625 ad
399 2553 539 2626 Fiseum
556 2544 779 2643 reciderent,
798 2574 902 2647 quem
925 2556 962 2625 in
981 2573 1101 2624 casum
1118 2570 1261 2646 campus
1280 2573 1390 2646 aper-

197 2665 254 2729 tus
273 2666 328 2728 est
354 2654 556 2727 liberalitati
582 2658 727 2748 regiae,
756 2653 838 2727 huic
864 2653 1046 2742 Nominis,
1073 2651 1301 2747 haerediique
1327 2655 1391 2744 ja·

198 2767 318 2830 cturae
338 2755 592 2845 subveniendi,
619 2777 684 2854 per
711 2756 994 2830 substitutionem
1019 2754 1135 2843 filiae,
1163 2763 1223 2826 aut
1249 2756 1389 2828 sororis

197 2860 234 2929 in
260 2862 385 2931 verum
412 2856 626 2948 haeredem,
662 2881 703 2930 ac
729 2879 976 2932 successorem
1003 2856 1232 2929 masculinum
1259 2857 1390 2946 jurium

196 2968 443 3053 paternorum,
472 2968 531 3030 aut
558 2957 805 3031 fraternorum.
833 2960 931 3031 Haec
955 2957 1156 3032 substitutio
1185 2959 1223 3029 in
1239 2957 1391 3050 Hungu-

113 3078 120 3083 ·
196 3063 249 3132 ria
266 3059 348 3132 inde
365 3082 458 3155 pene
483 3082 502 3131 a
533 3059 651 3152 Regni
670 3063 808 3155 origine
838 3058 870 3154 a)
896 3062 1053 3132 exercita
1077 3056 1228 3130 Praei
1239 3062 1388 3148 ectio,

196 3170 234 3236 et
250 3161 406 3233 Litterae
424 3159 516 3232 hunc
540 3163 576 3232 in
595 3161 698 3233 linem
727 3161 934 3258 expeditae,
961 3161 1044 3232 Pra
1057 3157 1133 3230 eie
1146 3157 1386 3231 etionales

197 3261 369 3335 dicuntur.
397 3259 494 3333 Illius
519 3266 684 3358 proprius
705 3264 851 3335 effectus
879 3271 954 3336 est:
983 3260 1144 3333 habilitas
1173 3257 1390 3334 succedendi

196 3366 233 3434 in
249 3363 359 3436 Bonis
379 3365 609 3454 caeteroquin
635 3385 760 3435 sexum
787 3364 993 3436 muliebrem
1016 3385 1089 3435 non
1116 3361 1389 3452 admittentibus,

197 3487 287 3559 quae
306 3473 423 3536 tamen
440 3461 595 3533 indolem
612 3466 734 3553 istam,
753 3465 998 3560 praefectione
1023 3463 1109 3532 nibil
1129 3461 1305 3552 obstante,
1324 3484 1390 3532 re-

196 3569 309 3638 tinent
339 3566 380 3658 θ).
409 3563 615 3657 Legitimam
634 3572 770 3654 autem,
788 3564 1009 3656 validamque
1035 3562 1260 3656 adoptionem
1275 3564 1387 3653 juxta,
1431 3549 1436 3570 '

197 3687 239 3737 ac
256 3665 536 3761 praelectionem
553 3668 590 3736 in
613 3665 716 3740 bonis
736 3669 840 3740 avitis
859 3674 991 3739 tantum
1004 3682 1018 3754 ,·
1042 3663 1146 3734 nullis
1171 3663 1278 3752 justis
1297 3662 1389 3734 hae-

196 3766 339 3840 redibus
364 3767 710 3862 praeexistentibus,
738 3768 855 3840 locum
883 3769 1027 3857 sortiri,
1061 3775 1099 3839 ut
1125 3763 1273 3862 probem
1297 3764 1389 3836 ube-

197 3869 294 3960 rius,
321 3890 426 3942 nemo
445 3891 465 3941 a
484 3890 540 3940 me
558 3869 760 3966 postulabit.
1345 3892 1348 3897 ’

204 4012 399 4026 Ἥ

225 4081 571 4195 phatures

227 4155 253 4283 ,l
271 4159 481 4281 {diffidit

227 4291 254 4358 ὅ)
273 4297 343 4349 Vide
361 4299 439 4353 toan.
456 4297 534 4350 hecti
551 4299 667 4354 Memor.
686 4293 819 4348 letorlche
838 4291 864 4346 dl
881 4293 989 4358 Frugur
1006 4293 1037 4347 h.
1055 4293 1081 4347 6.
1099 4291 1130 4346 0·
1147 4290 1174 4348 8.
1193 4305 1219 4360 p.
1238 4287 1301 4348 889.

227 4365 252 4434 ο)
269 4365 301 4421 Ρ.
317 4367 338 4423 t
355 4373 388 4424 ii.
406 4370 449 4425 17.
467 4363 491 4432 d.
510 4370 536 4422 7.
