3138 4858
237 245 284 320 to

233 409 409 506 piternum
427 423 593 482 asserere
613 407 748 504 optavit
777 399 819 502 ⁸).
847 405 966 500 Atque
993 402 1036 478 ab
1055 421 1100 476 eo
1125 407 1287 499 tempora
1305 395 1427 492 Reges

233 511 347 583 nostri
365 508 451 580 illud
467 511 599 603 passlm
628 517 665 579 et
691 507 760 603 ipsi
785 507 822 578 in
850 502 999 602 publicis
1026 503 1248 598 Rescriptis‚
1277 499 1426 594 aliisque

235 608 440 684 solennibus
467 609 630 698 Litteris,
657 608 826 704 imprimis
854 605 1067 698 Hungariam
1095 599 1333 698 tangentibus,
1361 599 1429 672 ad-
1551 609 1552 696 j

233 711 375 798 bibent;
403 719 439 781 et
464 709 506 780 ab
538 713 672 783 exteris
699 710 768 780 hoc
787 715 1023 802 cognomento
1051 705 1256 777 salutantur.
1283 701 1429 774 Illorum
1551 751 1552 806 3

233 831 341 908 porro
361 809 508 884 exordia
528 814 701 884 communi
719 815 862 883 summis
881 807 1099 902 Principibus
1112 806 1218 896 jure,
1247 814 1283 876 et
1302 825 1429 876 exem-

190 955 191 958 =
232 913 315 1008 plo,
353 913 477 984 solitas
507 915 585 985 illas
609 913 762 984 initiales
792 910 962 983 formulas
992 908 1109 1000 „Nos
1137 908 1221 979 Dei
1251 905 1427 999 Gratia,

236 1013 331 1106 „vel
368 1014 536 1086 Divina
562 1015 759 1087 favente
796 1010 1077 1084 Clementia“
1114 1007 1195 1081 inde
1238 1031 1258 1080 a
1293 1008 1428 1104 Regiae

233 1117 422 1210 Dignitatis
441 1118 549 1189 initiis
569 1125 774 1189 constanter
791 1112 1050 1210 praeseferunt.
1107 1155 1114 1168 ·

749 1295 791 1404 §-
822 1316 907 1388 eao.

720 1441 946 1542 Hodiernus.

335 1615 464 1692 Scribit
480 1618 600 1709 itaque
618 1615 786 1687 Austriae
812 1614 1007 1709 Imperator
1026 1615 1062 1684 in
1089 1613 1370 1707 praesentiarum
1389 1633 1429 1687 se
1551 1609 1552 1628 ³

233 1719 345 1792 relate
380 1718 424 1788 ad
450 1715 690 1788 Monarchiam
721 1713 976 1808 Hungaricam:
1017 1715 1193 1786 Divina
1229 1712 1432 1787 favente

169 1824 171 1829 ’
235 1818 503 1894 Clementia
530 1815 822 1910 Hungariae‚
860 1814 1115 1906 croatiae,
1143 1815 1459 1908 Dalmatiam·

150 1936 153 1942 '
217 1921 549 2007 sclavoniae,
593 1917 836 2008 Galiciae,
883 1927 929 1989 et
974 1918 1304 2008 bodomarium,
1342 1918 1429 1989 Ra-

232 2045 352 2114 nae,
396 2021 619 2112 Samiae,
655 2018 921 2110 Canariae,
957 2019 1214 2115 Bulgariae
1259 2019 1433 2114 Regem

219 2122 597 2222 'Apostolicum,
640 2122 1010 2224 Magnumque
1058 2121 1434 2198 Transilvaniae

239 2230 506 2322 Principem
535 2221 582 2316 ¹³).

764 2394 801 2479 §.
831 2394 916 2466 331.

515 2541 577 2617 Ad
589 2546 688 2616 Jnre
710 2543 890 2618 Coronae
908 2543 1156 2620 enuncianda.

340 2692 404 2764 Est
422 2692 574 2781 etenim,
602 2691 739 2787 fuitque
766 2693 912 2787 alonge
931 2701 1070 2764 remoto
1096 2695 1170 2782 jam
1187 2701 1348 2789 tempore
1367 2715 1435 2768 so-

238 2794 344 2864 lenne
383 2792 602 2886 Principibus
641 2799 797 2881 nostris,
833 2796 1075 2865 vetustissima
1113 2812 1237 2863 sacrae
1273 2790 1438 2868 Coronae

238 2894 323 2965 Jura
351 2897 387 2964 in
415 2893 494 2965 illas
527 2897 632 2965 etiarn
664 2895 901 2982 Provinciae,
939 2913 1025 2986 quas
1061 2895 1244 2987 iniquitate
1283 2892 1436 2969 fatorum

239 2997 462 3084 amisissent,
481 3016 546 3090 per
563 2993 599 3065 id
616 2994 731 3091 palam
749 3015 934 3084 asserere,
955 3004 1060 3089 atque
1079 3015 1318 3089 propugnare,
1339 2999 1434 3090 quod

238 3098 428 3171 earundem
446 3099 586 3168 nomina
617 3105 824 3169 constanter
851 3101 1069 3169 retinuerint.
1099 3095 1275 3169 -Istud
1304 3101 1334 3170 si
1353 3099 1435 3171 alibi

237 3199 412 3274 Rectores
439 3200 705 3271 Provinciarum
731 3197 903 3296 plurimos
922 3220 965 3269 ea
995 3198 1038 3270 de
1059 3219 1165 3270 causa
1185 3200 1305 3290 egisse
1324 3204 1434 3273 novi-

237 3322 336 3390 mus,
365 3323 410 3372 ne
430 3303 503 3371 suis
528 3303 564 3369 in
583 3299 757 3389 ditiones,
787 3309 890 3371 antea
914 3319 1132 3394 possessas,
1167 3305 1434 3394 praetensioni-

144 3455 146 3460 -
236 3401 302 3474 bus
329 3405 565 3474 taciturnitate
592 3404 823 3474 renunciasse
862 3403 1105 3473 existimentur
1136 3402 1191 3491 ῆι
1229 3411 1359 3494 quanto
1397 3404 1434 3474 id

119 3556 122 3561 -
236 3505 347 3599 magis
365 3502 504 3598 legibus
523 3506 669 3594 nostris,
683 3503 869 3597 Pactisqua
888 3501 1207 3577 fundamentalibus
1224 3505 1313 3596 (47)
1325 3504 1432 3602 plene

237 3608 415 3679 consentit
444 3601 490 3694 ⁶¹).

266 3777 291 3839 ⁸)
309 3775 389 3826 Hanc
407 3775 508 3826 Pontii.
527 3776 600 3828 Bull.
621 3791 671 3842 per
700 3784 806 3831 extens.
824 3780 893 3832 edii.
917 3783 962 3833 Fr.
984 3781 1034 3834 Ad.
1059 3776 1153 3830 Kollar
1176 3779 1203 3829 ln
1221 3778 1295 3831 Hist.
1315 3779 1435 3848 Diplom.

314 3845 392 3895 Jurls
405 3846 579 3910 Petrombp.
596 3847 662 3914 Reg.
675 3849 765 3915 flung.
786 3863 810 3912 p.
823 3851 865 3902 65.
882 3851 919 3900 Ει
939 3851 1032 3902 Palma
1048 3852 1076 3900 ln
1094 3849 1213 3913 Speclm.
1230 3851 1341 3904 Herald.
1365 3854 1436 3910 Rea.
1551 3905 1552 3910 ,

312 3915 404 3978 flung.
417 3929 442 3980 p.
459 3917 502 3969 21.
515 3923 541 3966 et
555 3930 614 3980 aeq.
634 3919 711 3970 eous.
727 3920 756 3970 P.
772 3918 818 3970 σε.
838 3916 1033 3986 baootqtrtittabe
1047 3914 1173 3970 &abantea
1191 3924 1238 3969 non
1251 3916 1373 3990 wippone
1391 3921 1436 3973 bre

312 3981 404 4038 thtelt
424 3979 561 4052 metallici
578 3997 610 4038 ae.

143 4069 145 4076 ’
265 4070 293 4136 ¹v)
309 4071 387 4122 Vide.
411 4073 475 4122 Dec
491 4071 557 4121 Divi
576 4072 733 4136 Franciscl,
752 4085 804 4125 noc
824 4088 879 4126 uon
903 4073 1027 4125 ordinat.
1045 4073 1147 4129 consil.
1164 4076 1275 4128 Locrum.
1299 4077 1367 4142 Reg.
1388 4076 1436 4130 elo.

314 4143 357 4192 17.
374 4141 491 4206 Augusti
509 4139 589 4192 etot.
604 4148 676 4208 pout.
690 4150 804 4195 assumi.
821 4145 948 4210 dignitat.
964 4145 1073 4196 ltaered.
1086 4146 1184 4212 lmper.
1208 4149 1289 4198 Aust.

267 4223 293 4291 t)
313 4226 465 4278 Aehenvall
483 4223 633 4295 &conpellant
654 4223 870 4298 &teotoeqoilttog
887 4227 913 4282 in
933 4229 972 4282 bet
990 4225 1087 4284 norbet.
1106 4227 1128 4298 b.
1151 4233 1192 4286 30.
1215 4233 1316 4286 Boslus
1344 4235 1372 4287 iu
1388 4235 1437 4286 lu·

317 4297 388 4348 troi.
401 4311 463 4362 gan.
477 4299 653 4364 llerurupubl.
668 4298 696 4352 0.
715 4299 741 4353 3.
755 4297 778 4362 i.
793 4301 837 4350 72.

267 4375 295 4445 d)
313 4382 461 4449 speciatim
475 4383 594 4453 Diploru.
609 4386 739 4452 luauqur.
754 4385 861 4439 Puncta
877 4382 902 4438 8.
