3158 4864
241 193 313 270 140

238 383 322 432 cura
339 370 504 450 tenerer,
530 355 694 432 monebat
719 358 881 430 veritatis
900 354 1050 430 studium
1069 375 1254 428 erroneam
1271 356 1430 428 nonnul-

236 462 350 534 lorum
368 465 590 558 opinionem,
616 481 700 530 mox
718 481 737 528 a
756 458 991 552 compluribus
1018 479 1083 553 pro
1108 462 1224 530 evicta
1240 457 1432 546 venditam,

236 585 309 636 non
328 562 571 658 perfunctorie
584 562 736 631 examini
754 581 862 630 sanae
882 563 1025 631 criticae
1045 559 1233 649 subjicere,
1252 557 1432 630 nibilomi-

237 686 304 736 nus
324 664 486 736 consulto
506 671 695 760 praetereo
715 680 889 733 onerosas
910 659 1144 753 obligationes
1163 658 1377 753 complures,
1395 668 1432 730 et

238 764 464 836 characteres
481 767 652 859 reliquos,
679 760 846 850 vasallis,
874 760 1061 855 feudisque
1078 764 1211 856 passim
1229 761 1430 849 attributos,

238 869 298 959 qui
322 867 538 953 Donalariis‚
567 870 792 960 ipsorumque
821 862 997 935 haerediis
1034 863 1128 936 nulla
1163 863 1301 933 ratione
1338 881 1431 934 con-

237 969 385 1038 veniunt
415 969 459 1055 ²).
494 965 628 1051 Unum,
656 985 724 1057 quo
753 967 816 1034 vir
839 966 1044 1056 praeclarus
1074 962 1259 1056 aliquando
1289 984 1431 1058 pugna-

238 1065 297 1137 bat
326 1067 374 1157 b)‚
402 1077 643 1159 argumentum
670 1065 848 1136 coronidis
879 1069 990 1136 instar
1011 1065 1130 1135 licebit
1148 1063 1303 1153 adjicere
1323 1065 1431 1154 „Sci-

238 1168 573 1261 mus“—inquiebat
589 1167 919 1261 ille-„quotquot
929 1172 1118 1261 primorum
1127 1166 1262 1258 Regum
1281 1175 1431 1238 nostro-

240 1289 339 1359 „rum
356 1269 510 1341 Decreta
538 1272 792 1366 inspexerunt,
832 1269 892 1340 illa
921 1271 1120 1363 conscripta
1149 1287 1232 1339 esse
1270 1287 1433 1339 sermone

239 1370 399 1462 „mediae
427 1372 477 1442 illi
506 1375 613 1442 aetati
641 1372 809 1464 proprio,
836 1393 918 1440 num
942 1393 1032 1443 vcro
1061 1371 1211 1463 cuipiam
1226 1369 1433 1441 verosimile

238 1491 346 1562 „esse
365 1482 497 1570 potest,
523 1472 644 1563 Reges
664 1482 827 1559 nostros,
863 1475 975 1565 etqui
1002 1471 1071 1542 illis
1092 1494 1110 1540 a
1130 1492 1232 1540 manu
1251 1481 1372 1560 erant,
1398 1473 1435 1541 in

240 1576 419 1662 „caeteris
447 1593 580 1643 morem
608 1575 735 1641 aetatis
764 1572 879 1657 illius,
908 1583 945 1641 et
973 1591 1173 1642 sermonem
1202 1580 1369 1660 secutos,
1397 1573 1433 1640 in

239 1670 332 1763 „boo
349 1694 419 1743 uno
448 1693 519 1741 non
549 1670 654 1743 modo
681 1692 752 1740 non
782 1679 949 1760 secutos,
978 1671 1119 1742 sedita
1149 1669 1359 1762 diligenter,
1385 1673 1435 1741 ita

239 1773 434 1863 „rebgiosc
461 1780 667 1842 constanter
702 1769 904 1860 devitasse,
940 1783 978 1844 ut
1004 1773 1100 1844 nulla
1129 1774 1166 1841 in
1195 1771 1299 1863 lege,
1336 1772 1433 1844 nullo

239 1876 441 1966 „regiarum
460 1871 687 1945 donationum
704 1874 741 1943 in
758 1871 947 1967 privilegio
966 1894 1042 1945 vox
1060 1873 1131 1943 ulla
1148 1877 1369 1967 reperiretur
1388 1893 1435 1942 ex

239 1976 319 2066 „iis‚
346 1974 470 2068 quibus
489 1974 548 2045 illa
568 1983 666 2046 aetas
686 1983 746 2044 aut
764 1974 925 2062 feudum,
955 1983 1014 2046 aut
1033 1977 1092 2068 qui
1109 1972 1203 2046 istud
1230 1973 1345 2062 dabat,
1371 1971 1431 2046 vel

239 2075 469 2170 „recipiebat
497 2075 684 2170 designare
713 2077 817 2148 solita
845 2077 927 2148 sit.“

789 2255 797 2270 .
829 2203 911 2275 189.

290 2327 422 2398 Utrum
448 2325 528 2398 allo
554 2346 718 2418 unquam
744 2201 785 2396 ῖῗι
809 2327 942 2415 Regno
969 2322 1186 2398 Pandoram
1212 2328 1398 2415 corripio?

341 2448 435 2520 Nihil
466 2450 768 2541 ergo-inquies
796 2487 848 2500 --
871 2448 1069 2520 Feudorum
1106 2471 1257 2544 unquam
1285 2445 1435 2518 habebat

241 2549 448 2644 Hungaria?
473 2553 543 2621 imo
565 2572 654 2622 vero
675 2548 825 2622 habebat
846 2549 1033 2644 aliquando
1052 2572 1136 2645 pra
1151 2573 1170 2622 e
1183 2560 1257 2622 ter
1277 2569 1434 2643 puras,

242 2676 298 2724 ac
322 2655 424 2724 veri
451 2653 652 2723 nominis
681 2651 966 2723 donationes
994 2657 1127 2745 regias,
1165 2651 1252 2724 alias
1285 2659 1435 2745 praete-

240 2775 303 2824 rea
329 2751 429 2826 titulo
456 2753 691 2848 Emphiteusis
711 2764 918 2849 perpetuae,
945 2754 1007 2825 vel
1034 2753 1279 2849 Inscriptionis
1300 2753 1373 2841 Jam
1393 2749 1436 2820 ad

240 2876 397 2926 normam
416 2853 613 2926 Feudorum
639 2877 717 2925 oum
744 2853 912 2950 specifico
933 2857 1069 2928 servitii
1107 2854 1295 2926 exhibendi
1321 2873 1431 2923 onere

241 2956 351 3028 datas.
379 2953 556 3047 Vigebant
575 2959 611 3026 in
629 2959 746 3027 veteri
765 2956 996 3027 Comitatuum
1015 2966 1207 3052 systemate
1229 2963 1431 3027 castrenses

239 3056 376 3152 Populi,
402 3056 595 3150 horumque
614 3056 749 3129 classes
770 3063 906 3146 variae,
934 3059 998 3130 sub
1025 3059 1170 3154 speciali
1186 3059 1343 3144 militiae,
1373 3056 1431 3126 al-

240 3162 421 3253 teriusque
438 3161 575 3230 servitii
601 3180 711 3229 onere
731 3161 924 3247 constituti,
952 3182 999 3232 ex
1013 3161 1138 3254 quibus
1156 3161 1336 3231 numerosi
1348 3178 1433 3249 erga

241 3261 402 3331 militaria
427 3261 635 3353 praeprimis
663 3263 832 3348 servitia,
872 3271 908 3331 et
936 3263 1036 3334 titulo
1062 3261 1158 3333 feudi
1185 3264 1317 3357 passim
1348 3279 1434 3350 erga

242 3381 392 3432 annuum
418 3382 589 3431 canonem
613 3370 727 3431 terras
748 3369 921 3456 perpetuo
950 3365 986 3433 in
1015 3383 1116 3436 usum
1139 3384 1238 3435 suum
1265 3359 1432 3432 colendas

242 3457 478 3549 obtinuerunt,
506 3470 645 3532 retento
677 3483 742 3556 per
769 3462 889 3555 Reges
920 3464 1054 3536 directo
1091 3465 1229 3536 illorum
1265 3460 1430 3531 dominio.

240 3558 280 3634 In
307 3584 375 3655 qno
417 3561 642 3635 collationum
682 3559 816 3654 genere
853 3564 1039 3652 advertas,
1084 3564 1259 3634 nullam
1302 3559 1432 3655 pleni

239 3663 387 3750 turis,
419 3663 697 3752 dominiive‚
742 3663 910 3735 nullam
936 3666 1278 3761 proprietatis:
1309 3670 1364 3731 ast
1387 3659 1429 3729 ab

240 3763 393 3836 adverso
429 3765 559 3854 pacti
595 3767 953 3853 conventionis,
993 3773 1036 3835 et
1060 3764 1293 3835 beneficii
1321 3783 1433 3857 aper-

239 3873 309 3937 tam
335 3861 413 3934 lleri
436 3861 712 3953 mentionem).
726 3863 948 3956 -ltlagnum
968 3864 1117 3961 proinde
1137 3865 1323 3936 discrimen
1350 3863 1433 3934 olim

240 3976 317 4037 erat
334 3967 426 4037 inter
443 3964 727 4037 Servientes
753 3969 937 4058 regios,
965 3976 1002 4037 et
1024 3965 1106 4038 illos
1128 3969 1232 4038 etiam
1248 3965 1430 4037 Milites

239 4089 442 4103 *-

267 4133 294 4196 ·)
313 4133 374 4185 Vld.
391 4133 509 4184 Dissert,
530 4133 596 4185 Mat.
615 4133 709 4200 Nitray
733 4136 766 4186 de
791 4147 824 4186 ea
843 4137 906 4201 quid
933 4148 989 4201 reg.
1009 4135 1099 4188 donat.
1119 4137 1165 4189 int.
1184 4149 1265 4188 conv.
1283 4134 1329 4187 vel
1348 4135 1432 4186 inter-

317 4202 374 4254 siti
393 4204 470 4254 1708.
489 4203 515 4254 ln
534 4204 592 4254 8'0·

268 4268 296 4334 l)
315 4273 345 4326 ln
363 4273 469 4327 vindic.
488 4272 521 4325 da
539 4272 639 4329 demta.
658 4271 745 4327 Ncblt
764 4275 856 4342 flung.
874 4287 900 4340 p.
918 4273 961 4328 72.
