3158 4864
1285 305 1360 381 tae

677 464 715 551 a.
744 466 830 539 aar.
1431 455 1450 500 ‘

502 594 646 682 Rapum
663 590 867 682 Praerupta
895 593 999 667 tolca.

256 713 383 786 Modus
401 715 492 810 ipsc,
512 735 580 809 quo
594 711 765 786 Civitates
784 717 872 786 istas
892 736 974 790 suas
993 721 1263 815 praerogativas
1283 719 1357 795 cb-'
1424 711 1426 714 ’

155 817 279 903 tinent,
310 838 386 885 cum
416 837 459 886 ec
487 818 663 908 congruit,
703 836 772 910 quo
803 816 862 888 alii
880 817 1107 893 Nobilitatem
1138 822 1353 915 singillative

155 918 404 1013 adipiscuntur.
449 917 600 988 Perinde
618 939 768 1014 namque
783 923 887 990 etiam
906 920 956 991 illi
972 921 1078 1012 bona,
1107 945 1197 1018 quae
1216 932 1351 1015 tenent,

153 1019 264 1114 Regis
282 1022 385 1093 unius
412 1020 561 1116 gratiae,
590 1027 626 1092 et
641 1019 833 1114 Privilegio
854 1020 972 1096 ierunt
989 1025 1026 1097 in
1045 1028 1201 1122 acceptis
1222 1027 1350 1122 (259).

699 1221 708 1242 .
736 1171 822 1245 278.

428 1169 696 1392 Stnpolortdub
720 1296 873 1369 doridos
897 1297 1072 1388 pandent.

255 1422 493 1518 Reperiuntur
504 1424 593 1502 aliae
605 1431 792 1518 praeterea
804 1420 858 1492 bis
871 1423 959 1518 ipsis
969 1420 1170 1516 Privilegiis
1183 1418 1349 1495 obtentae

152 1523 347 1614 libertateS,
361 1547 505 1621 quarum
523 1544 606 1621 pars
626 1523 670 1595 ad
688 1522 845 1618 singulas
864 1520 1013 1613 illarum,
1028 1533 1066 1597 ut
1085 1543 1213 1622 corpus
1232 1523 1352 1620 quod-

153 1627 232 1698 dam
249 1628 383 1700 morale
395 1628 560 1701 refertur.
574 1627 614 1700 In
630 1629 751 1725 specie
764 1625 858 1720 quod
872 1632 910 1697 nt
927 1635 1070 1720 quartus
1086 1626 1203 1721 Regni
1211 1614 1356 1718 Status,

151 1729 267 1822 Regni
296 1727 494 1806 Comitiisa
520 1729 650 1803 seculis
680 1727 916 1818 interfuerint,
937 1729 1018 1799 dein
1037 1728 1131 1823 quod
1149 1737 1350 1824 separatam

151 1831 674 1905 Jurisdictionemconstituant.
687 1831 860 1926 Superest
879 1828 1041 1924 qucdhic
1052 1830 1225 1921 adjiciam,
1237 1830 1352 1930 inisse

152 1942 318 2006 statutum
347 1935 401 2022 ·):
418 1955 622 2024 „numerum
639 1930 826 2004 Civitatum
843 1932 989 2026 amplius
1005 1954 1078 2003 non
1090 1954 1237 2024 augere,
1256 1955 1350 2005 neve

152 2035 256 2129 ,loca
281 2033 452 2106 haetenus
471 2027 599 2131 (verba
616 2033 708 2124 legis
728 2032 825 2122 sunt)
856 2035 892 2101 in
920 2030 1079 2102 ordinem
1096 2035 1251 2127 ipsarum
1280 2039 1351 2105 mi-

152 2155 243 2229 „nus
261 2143 420 2230 recepta,
448 2134 616 2228 deinceps
645 2135 873 2228 recipiantur,
901 2141 1024 2204 contra
1051 2152 1140 2204 vero
1171 2154 1350 2227 praesen-

152 2245 247 2332 „tem
266 2236 450 2310 articulum
467 2239 504 2308 in
533 2235 686 2308 futurum
705 2235 822 2328 aliquo
841 2243 945 2329 pacto
971 2255 1016 2306 nc
1037 2233 1113 2308 fors
1131 2236 1349 2332 recipienda,

153 2361 240 2435 ,pro
270 2362 342 2412 non
360 2341 516 2434 receptis
535 2336 739 2410 habeantur.
767 2334 846 2408 Nisi
866 2357 929 2408 sna
948 2332 1127 2409 Caesareo
1145 2336 1258 2430 Regia
1268 2335 1351 2408 bia-
1432 2378 1434 2382 v

153 2443 286 2534 ,jestas
319 2445 455 2534 magnis
483 2442 631 2528 meritis,
659 2436 798 2533 publica
826 2438 975 2509 utilitate
1003 2447 1120 2526 mota,
1159 2439 1351 2533 specialem

153 2547 323 2636 ,gratiam
353 2545 413 2614 uni
437 2541 498 2614 vel
533 2540 635 2612 alteri
663 2541 744 2613 loco
774 2538 1009 2612 articulariter
1048 2540 1245 2612 faciendam
1264 2561 1356 2612 esse.

152 2644 424 2739 ,compererit.“
444 2641 485 2734 ⁴⁵)
513 2642 621 2715 Addit
638 2641 699 2712 lex
725 2644 919 2713 rationem:
960 2650 1021 2733 ,ut
1047 2641 1174 2714 scilicit
1203 2650 1355 2736 quartus,
1382 2634 1406 2729 J

152 2754 288 2838 ,status
323 2744 554 2833 multitudine,
600 2742 846 2836 suffragiisque
881 2742 1039 2836 reliquos
1066 2766 1138 2816 non
1166 2743 1347 2839 superet.“

150 2845 267 2942 Atque
287 2847 329 2918 ab
342 2846 419 2918 boe
437 2857 598 2942 tempore
617 2843 854 2917 Communitas
873 2846 1045 2941 quaedem
1063 2847 1098 2918 in
1117 2845 1291 2934 Liberam,
1311 2854 1353 2924 et

150 2950 298 3042 Regiam
317 2947 503 3020 Civitatem
522 2958 661 3038 evecta,
689 2947 752 3018 Jus
772 2949 928 3041 suffragii
946 2949 983 3018 in
998 2947 1124 3020 Diaeta
1143 2959 1224 3021 ante
1236 2950 1355 3021 inar-

149 3051 390 3126 ticulationem
408 3050 500 3123 haud
529 3049 824 3144 consequebatur.
1359 3043 1364 3050 ’

193 3197 232 3282 ⁴⁵)
255 3195 417 3281 Hujus-in
439 3197 692 3277 consequentiam
725 3215 802 3258 aevo
836 3195 1002 3259 recentiori
1032 3192 1256 3274 Szagadinum,
1278 3193 1348 3255 De-

236 3285 432 3359 breczinnm,
473 3283 723 3344 Szathmarinum
758 3280 965 3345 anteacto
989 3281 1068 3359 111.;
1091 3277 1259 3341 dauriuum
1291 3279 1352 3341 sub

234 3369 338 3431 Maria
360 3368 530 3442 Therasia3
555 3368 613 3429 sub
636 3366 797 3448 Leopoido
819 3369 860 3434 ΙΙ.
883 3367 987 3429 Maria
1009 3363 1260 3445 'rbereaiopciia
1282 3365 1348 3427 Po-

235 3473 327 3534 sega,
346 3451 633 3528 ,Tamesvarinum
669 3453 902 3516 Carcistadium
933 3451 1013 3512 aliae
1043 3469 1105 3512 non
1136 3451 1208 3513 item
1243 3451 1348 3513 aerius

235 3539 417 3619 Principum
447 3538 557 3600 favore
589 3536 780 3600 Civitatibus
811 3541 1047 3609 adnumeratae,
1077 3544 1186 3614 postea
1213 3535 1349 3614 publicis

234 3625 376 3687 Decretis
398 3625 431 3686 in
455 3643 618 3688 numerum
641 3623 833 3706 reliquorum
857 3625 999 3688 Statuam
1021 3639 1092 3682 cum
1113 3627 1198 3700 voto,
1220 3628 1250 3684 et
1272 3636 1347 3682 ses-

235 3711 323 3774 sione
345 3711 471 3774 fueraut
493 3717 633 3791 receptae
647 3709 693 3794 b).

464 3974 608 4063 Leptam
634 3845 834 4044 nrbebbb
859 3975 1028 4058 firmatis.

249 4096 400 4170 Accedit
426 4096 629 4193 praeallatis
649 4095 726 4186 dus,
754 4117 823 4190 quo
844 4091 986 4170 Civibus
1014 4091 1178 4185 haeredis
1206 4111 1342 4187 exper-

147 4198 253 4290 tibus,
281 4210 317 4271 et
334 4201 510 4274 intestatis
529 4197 701 4290 succedit,
728 4220 799 4272 non
823 4202 995 4271 tamenin
1013 4197 1129 4287 bonis,
1148 4215 1238 4290 quae
1256 4199 1342 4267 ncta

148 4325 356 4340 m

176 4367 204 4508 3
224 4371 303 4499 {bb}
316 4372 375 4500 Ab.
394 4435 455 4502 aot.
475 4445 505 4495 a
523 4438 711 4499 toa-tan.
729 4437 903 4501 at-naa.
918 4437 960 4494 ao.
