3094 4868
1238 224 1312 309 am
1339 323 1341 328 ¹

7 439 11 454 ·
115 399 255 494 tigerat,
284 394 448 487 quoniam
476 394 554 465 sine
581 391 719 488 publica
744 397 882 486 iaotrrra
908 393 986 468 beri
1014 394 1076 466 vix
1101 401 1246 488 potest,
1273 401 1312 466 ut

7 541 9 556 ·
114 500 338 589 negotiorum
366 494 584 590 publicorum
621 501 784 570 tractatio
815 501 1109 592 interrumpatur,
1147 491 1307 568 oonsilio

7 645 8 656 ι
113 602 214 691 regio
236 599 451 669 continuatio
478 597 694 688 agendorum
712 621 777 692 per
802 599 1000 670 mandatum
1019 595 1176 691 speciale
1197 619 1310 668 exer-

112 700 222 772 cenda
242 701 375 771 comitti
394 691 541 768 solebat.
560 698 669 790 Regis
690 704 818 796 quippe
838 701 993 803 absentis
1014 699 1181 770 duntaxat
1201 720 1328 770 causa.

110 804 304 875 institutum
330 808 398 888 est,
437 820 552 892 eoque
580 821 714 896 scopo,
751 811 790 872 ut
817 811 935 889 esset,
972 803 1030 894 qui
1060 800 1137 889 ejus
1166 803 1309 870 nomine

109 907 334 995 negotiorum
360 922 478 972 curam
505 911 659 992 gereret.
687 899 834 978 Produit
861 902 1011 999 proinde
1039 900 1130 974 baec
1159 901 1309 998 dispen-

112 1009 201 1078 satio
232 1025 279 1076 ex
303 1011 427 1078 natura
453 1001 776 1078 bocumtenentiae.

614 1256 668 1344 '§.
699 1254 785 1330 670.

395 1431 554 1502 Interea
582 1427 747 1518 ejusdem
774 1427 1030 1502 reordinatio.

210 1602 383 1688 Quantum
411 1599 454 1672 ad
479 1601 655 1672 internum
683 1599 819 1674 Statum
846 1602 1130 1674 constiterat-
1155 1599 1237 1692 lege
1260 1601 1308 1671 ita

107 1705 297 1776 definiente
315 1741 367 1756 -
387 1694 609 1775 consiliariis
625 1707 753 1798 uiginti
772 1701 929 1793 duobus,
958 1726 979 1775 e
1000 1697 1101 1776 Statu
1118 1699 1307 1774 Praelata-

106 1828 195 1895 rum,
222 1804 441 1897 Magnetum,
469 1813 505 1876 et
532 1804 710 1878 Nobilium
739 1829 786 1879 ex
815 1803 975 1878 omnibus
1001 1802 1119 1898 Regni
1136 1803 1306 1898 partibus,

108 1910 186 1980 sine
204 1906 389 1996 religionis
408 1905 610 1977 discrimine
630 1908 792 1996 delectis,
811 1905 1037 2001 praesidebat
1051 1905 1229 1977 Palatinus
1260 1905 1306 1994 ⁸),

107 2031 175 2102 qua
193 2007 329 2099 Regius
349 2006 630 2094 Locumtenens3
659 2007 765 2079 sedes
784 2009 862 2096 ejus
881 2007 1026 2078 Posonii
1047 2009 1158 2100 prius,
1176 2015 1306 2101 postea
1357 2009 1362 2028 '

106 2108 204 2181 Buda
223 2117 307 2180 erat.
337 2107 533 2179 Duodecim
561 2107 719 2179 adminus
745 2105 947 2180 Consilierii
974 2107 1155 2180 Praesidio
1175 2107 1306 2182 adesse

107 2211 300 2284 debuerant
329 2206 377 2300 l'),
405 2229 508 2304 quos,
530 2212 581 2282 uti
600 2218 636 2281 et
653 2209 877 2284 Directorem
895 2206 1150 2299 Ganeellariae,
1171 2206 1305 2283 Gessa—
1385 2249 1389 2252 ·

88 2333 180 2384 'rum
198 2310 499 2387 Fundationalium
516 2309 750 2402 Praefectum,
769 2315 854 2383 item
868 2311 1109 2408 Superiorem,
1130 2321 1166 2385 et
1184 2312 1315 2384 Vice-

105 2416 328 2488 Directorem
346 2411 652 2487 Commissarietus
671 2415 923 2504 Prouincialis,
951 2407 1301 2534 SQetarios'deui-

106 2540 174 2610 quo
207 2516 251 2587 ed
284 2518 463 2611 praeviam
494 2514 641 2590 Consilii
669 2520 1015 2611 praesentationem,
1041 2514 1304 2609 velutliegiae
1340 2551 1341 2556 =

104 2618 303 2707 Maiestatis
331 2621 562 2690 nominationi
589 2628 796 2709 reservata,
825 2618 905 2690 Rex
921 2623 1021 2714 ipse,
1049 2628 1193 2690 caetera
1210 2639 1301 2690 vero

106 2719 288 2792 Indiuidua
319 2720 548 2816 conceptibus
577 2721 851 2810 concinnandis,
880 2743 922 2792 ac
950 2719 1214 2818 describendis,
1244 2717 1305 2794 vel

104 2821 298 2892 rationibus
317 2822 534 2911 revidendis,
563 2831 621 2894 aut
640 2826 727 2896 actis
748 2823 988 2914 asservandis,
1016 2825 1123 2918 inque
1143 2819 1302 2894 ordinem

105 2922 308 3013 redigendis
344 2922 507 3017 adplicita
535 2923 771 2996 Dicasterium
810 2935 977 2998 votorum
1006 2925 1205 3020 pluralitate
1234 2947 1300 3020 pro

106 3022 269 3094 attributa
288 3029 465 3118 potestate
485 3024 720 3097 constituebat
748 3027 792 3115 ⁰).
821 3026 876 3097 Ab
895 3027 953 3098 bis¹
970 3023 1211 3098 Commembra
1234 3027 1301 3098 ed·
1361 3115 1363 3120 Ι

105 3125 172 3195 huc
192 3127 317 3219 excipe
337 3120 490 3218 Collegii
508 3124 669 3197 litterarii
689 3126 837 3221 duplicis
856 3127 1002 3215 ordinis,
1030 3127 1163 3199 tardius
1183 3131 1303 3198 intro-

106 3227 221 3314 ducti,
248 3247 395 3321 quorum
424 3249 529 3297 unum
558 3228 762 3320 gremialem
789 3227 990 3301 Studiorum
1009 3224 1301 3311 Commissionem

104 3331 285 3399 nominare
321 3327 461 3422 placuit.
518 3329 752 3403 Revisoratus
789 3331 950 3402 officium
988 3330 1158 3420 alterum,
1203 3331 1304 3402 velut

103 3431 277 3501 revisioni
304 3428 472 3502 librorum
499 3441 726 3526 occupatum;
753 3430 894 3503 illorum
923 3453 1072 3527 namque
1091 3433 1303 3506 denomina-

105 3536 238 3603 tionem
252 3531 434 3628 Principes
459 3531 525 3605 sibi
542 3536 676 3627 paritar
693 3537 926 3607 retinuerunt.

99 4106 314 4122 m

133 4223 157 4278 11ι
181 4221 255 4270 tres.
280 4220 321 4270 97.
343 4248 376 4259 -
397 4215 473 4270 1741.
495 4220 536 4271 11.
554 4218 576 4285 d.
596 4223 621 4275 6.
640 4227 691 4274 etc.

132 4307 160 4368 ι)
179 4307 262 4357 niueo
282 4307 327 4358 cn.
345 4306 421 4356 rrae
441 4307 484 4357 er.
502 4304 526 4370 o.
544 4304 569 4359 ιι.

133 4393 156 4458 ⁰)
176 4394 237 4446 Vid.
258 4393 334 4447 172³.
352 4393 394 4447 98.
415 4394 521 4448 et100.
541 4407 573 4446 ac
590 4395 722 4447 instruet.
742 4395 789 4448 cit.
