3158 4864
1295 311 1366 386 131

175 463 333 540 servitiis
363 483 539 558 nunquam
561 507 614 523 ·-
640 473 710 545 nisi
741 497 782 545 ea
809 474 902 549 ultro
929 485 1084 550 assumat
1108 514 1160 530 -·-
1179 489 1370 570 oneretur3

175 567 270 662 quod
288 588 396 664 porro
418 575 576 660 quamvis
598 573 642 646 de
661 577 805 648 crimine
826 587 964 670 patrato
977 589 1177 673 suspectus,
1205 604 1247 654 ac
1264 584 1370 677 plene

173 670 331 765 probatis
363 667 494 743 inditiis
522 688 705 768 gravatus,
734 701 802 750 nec
821 682 899 773 capi
920 716 973 732 -
988 681 1057 751 nisi
1074 681 1231 772 legitime
1244 688 1371 756 citatus

174 810 227 824 -
244 794 311 844 nec
345 773 380 844 in
407 793 587 848 carcerem
609 781 683 851 miti
705 791 921 853 -servato
947 781 1038 870 juris
1066 782 1189 853 ordine
1219 785 1373 856 nondum

179 877 367 948 convictus
390 911 442 923 -
462 890 581 968 queat.
611 880 708 966 Quae
727 883 1003 975 praerogativae
1025 885 1055 953 si
1078 883 1282 977 quibusdam
1304 887 1375 955 mi-

176 979 275 1050 noris
294 980 461 1050 momenti
481 999 564 1053 esse
594 981 772 1072 videntur,
798 993 960 1056 veterem
978 993 1095 1055 tamen
1115 984 1309 1074 historiam,
1339 994 1376 1056 et

177 1077 249 1152 lata
268 1078 456 1168 recolenti,
484 1103 573 1174 quae
593 1085 765 1156 tenuioris
782 1089 993 1178 praesertim
1021 1088 1128 1158 sortis
1147 1084 1374 1158 Nobilitatem

178 1184 310 1276 prima,
338 1187 442 1274 atque
465 1185 575 1256 altera
604 1184 742 1280 Regum
762 1197 964 1259 nostrorum
984 1186 1133 1281 periodo
1153 1227 1205 1240 —-
1221 1189 1272 1259 uti
1292 1186 1375 1258 alibi

179 1287 284 1357 etiam
307 1319 360 1336 -·-
390 1302 433 1353 co
460 1297 621 1383 tempore
653 1291 868 1380 tetigerant,
906 1287 988 1358 dein
1022 1291 1101 1382 quis
1134 1292 1239 1361 etiam
1268 1287 1377 1359 fuerit

181 1386 279 1458 nisus
299 1401 474 1482 persaepe
494 1390 734 1484 potentiorum
750 1389 794 1460 ad
812 1392 1017 1482 egentiores
1039 1391 1075 1461 in
1096 1390 1192 1462 civili
1211 1389 1375 1460 libertato

182 1484 427 1575 coarctandus,
448 1491 563 1566 eidem
582 1530 635 1543 --
653 1493 1026 1585 inquam-protinus
1041 1489 1235 1586 apparebit,
1247 1492 1377 1560 immu-

54 1607 55 1610 ’
181 1591 309 1661 nitates
328 1590 415 1660 istas
445 1601 542 1664 tanta
572 1592 771 1684 religione,
809 1602 863 1663 tot
892 1590 1029 1682 legibus
1059 1588 1376 1662 fundamentalibus

181 1689 272 1763 haud
291 1693 326 1764 in
345 1709 475 1766 vanum
494 1691 701 1783 custoditas,
729 1702 833 1787 atque
855 1695 1082 1766 communitas
1106 1691 1231 1766 luisse.

701 1888 738 1974 §.
770 1887 853 1960 lta.

575 2061 718 2150 Leptam
743 2038 993 2152 praesemina.

288 2229 376 2306 Sunt
403 2233 542 2302 interim
577 2231 747 2325 quaedam
788 2231 830 2301 ab
878 2229 931 2301 his
966 2226 1104 2320 ¹regulis
1146 2229 1379 2322 exceptiones

186 2333 310 2427 quibus
331 2331 509 2426 legislatio
531 2343 762 2426 praevertere
782 2333 907 2420 voluit,
934 2353 979 2401 ne
999 2333 1108 2400 noxia
1138 2331 1292 2402 existant
1309 2353 1380 2425 pu-

184 2435 297 2506 blicae
309 2432 563 2528 tranquillitati,
576 2457 670 2507 neve
689 2435 732 2506 iis
754 2437 936 2528 quisquam
952 2435 988 2502 in
1011 2432 1168 2520 alterius,
1196 2442 1254 2504 aut
1269 2435 1380 2526 ipsius

186 2538 322 2630 patriae
351 2535 604 2630 praejudicium
625 2533 1075 2629 abutatur-Cumprimis
1096 2553 1168 2603 non
1181 2533 1382 2627 opitulaba-

186 2648 243 2707 tur
261 2636 463 2732 personalis
494 2639 692 2708 immunitas
722 2633 838 2708 relate
861 2635 905 2706 ad
933 2634 1182 2707 vindicativam
1211 2634 1382 2723 justitiam

187 2736 213 2808 1.
233 2738 310 2810 Reo
327 2738 480 2808 criminis
501 2737 622 2810 laesae
640 2735 851 2828 lllajestatis,
877 2735 983 2828 idque
1006 2734 1049 2805 ob
1068 2736 1288 2807 atrocitatem
1308 2737 1383 2805 cri-

187 2840 312 2928 minis,
342 2850 378 2910 et
405 2859 597 2932 personae,
636 2842 674 2910 in
704 2861 807 2932 quam
836 2837 972 2908 lacinus
995 2843 1196 2923 attentatur,
1217 2839 1381 2907 eminen-

188 2941 271 3008 tiam
302 2940 345 3028 ·).
374 2937 417 3008 ΙΙ.
447 2939 486 3010 In
506 2942 585 3035 ipso
612 2941 756 3013 alterius
781 2959 921 3034 quoque
946 2935 1076 3025 delicti,
1104 2938 1135 3007 si
1155 2939 1305 3030 capitale
1325 2941 1382 3026 sit,

188 3042 463 3135 perpetrationis
483 3051 562 3112 actu
592 3039 638 3130 l).
666 3040 726 3111 lll.
756 3041 922 3113 Militibus
943 3035 1058 3132 quoad
1091 3058 1155 3123 ea,
1190 3039 1229 3106 in
1260 3036 1384 3129 quibus

189 3139 337 3212 subsunt
357 3142 442 3230 legi,
470 3163 512 3210 ae
540 3139 746 3237 disciplinae
767 3145 929 3230 militari,
968 3139 1151 3233 speciatim
1185 3135 1386 3208 desertori-

188 3238 252 3312 bus
285 3241 328 3329 0).
357 3239 417 3308 IV.
445 3239 625 3334 Prolugis,
654 3253 713 3314 aut
731 3243 774 3313 de
797 3243 881 3336 luga
903 3241 1091 3336 suspectis.
1118 3235 1163 3308 V.
1192 3234 1273 3309 Non
1300 3239 1385 3328 illis,

190 3344 249 3433 qui
269 3338 404 3410 reditus
435 3339 616 3433 publicos,
651 3347 881 3437 privatosque
911 3343 1173 3428 administrant,
1218 3347 1256 3410 ut
1284 3349 1384 3412 sunt:

189 3441 425 3535 Perceptores
448 3438 665 3534 publicorum
688 3441 922 3514 subsidiorum
952 3441 1000 3530 d),
1029 3440 1251 3526 Collectores
1270 3463 1387 3533 pecu·-

190 3543 325 3612 niarum
360 3538 552 3618 Comitatus
583 3543 630 3632 ⁰),
658 3542 849 3632 Factores,
879 3551 914 3612 et
944 3539 1124 3610 Officialcs
1154 3537 1387 3630 dominorum,

192 3646 223 3714 si
251 3646 409 3715 rationes
426 3641 577 3714 reddere
601 3652 791 3737 nequeant,
821 3654 879 3716 aut
900 3640 1119 3724 detrectent,
1149 3637 1243 3730 quod
1274 3641 1388 3734 ipsum

193 3743 240 3814 da
255 3747 371 3817 servis
383 3763 524 3838 quoque
547 3749 784 3836 constitutum,
810 3767 887 3816 cum
910 3742 1063 3814 nondum
1083 3739 1228 3833 expleto
1251 3745 1388 3812 servitii

191 3853 351 3940 tempore
370 3844 488 3938 lugam
502 3846 672 3941 arripiunt
703 3844 746 3937 f).
774 3847 922 3918 Demum
938 3843 1000 3916 Vl.
1028 3844 1143 3939 palam
1161 3839 1388 3934 facinorosis,

193 3986 398 4004 ¹¹*

221 4053 649 4120 onnam-mma

220 4125 250 4257 d
268 4132 341 4252 iel·
360 4135 398 4250 ‘b
408 4131 651 4254 9fi'tl'lt‘ldl·

222 4236 409 4324 domm
550 4239 618 4254 ”

223 4335 249 4396 q
268 4335 347 4390 ¹471·
365 4340 392 4390 2·
409 4364 444 4379 ⁸¹*
462 4333 540 4390 ¹4⁹2·
557 4335 717 4394 ”qv-1622·
735 4341 779 4394 6⁶·

227 4401 464 4471 commus
