3142 4862
561 385 563 392 Ι
623 420 784 506 caput
805 421 878 492 Π.
972 414 975 420 ’
1037 386 1047 528 Ἰ

350 615 353 622 ,
419 528 1059 614 llclcrrltorionoccssorio.

683 660 720 747 §.
750 661 784 734 6.

518 785 725 859 Sclcvom'a
754 787 961 860 orientale.

236 903 427 983 Sclavenia
452 907 656 1006 orientalis,
684 931 774 1004 quae
794 912 867 1001 jnm
895 911 1036 1008 Syr-mio
1055 911 1160 983 ctiam
1182 909 1332 1001 incluso,

134 1031 228 1082 nunc
271 1012 446 1106 passim
489 1010 753 1086 sclavonia
797 1011 1021 1102 inferior,
1065 1012 1126 1085 vel
1170 1011 1333 1108 Regnum

135 1111 350 1186 Sclaveniae
370 1112 508 1202 dicitur,
539 1122 654 1185 utrum
672 1124 753 1186 ante
772 1124 932 1212 tempora
951 1114 987 1189 S.
1008 1113 1161 1186 Ladislai
1178 1113 1329 1208 Hungu-

86 1237 89 1241 ·
134 1219 199 1287 rici
234 1214 329 1287 luris
357 1213 493 1287 fuerit?
530 1219 691 1308 quaestio
718 1217 810 1290 inter
840 1215 998 1291 cruditos
1027 1226 1103 1289 erat
1130 1215 1331 1310 aliqrmndo,

136 1328 261 1412 estque
286 1320 322 1388 in
348 1325 449 1412 parte
478 1319 665 1388 etiamnum
693 1318 835 1390 multum
862 1329 1109 1391 controversa.
1137 1316 1177 1392 Si
1203 1327 1335 1406 tamen,

136 1441 227 1540 quae
243 1440 326 1490 mox
345 1441 365 1490 e
385 1416 616 1491 Constantino
639 1418 829 1537 attulimus,
848 1419 1119 1514 perpendamus,
1138 1438 1243 1506 aevo,
1263 1437 1333 1510 quo

136 1525 166 1594 is
184 1525 336 1612 vixerat,
356 1519 532 1614 Hungaris
550 1521 727 1616 paruisse,
739 1518 776 1591 fit
788 1542 891 1616 quam
909 1517 1222 1594 verosimillimum.
1237 1515 1335 1590 ldem

137 1621 639 1726 comprobantdeStephanil
664 1623 880 1718 temporibus
891 1619 1333 1714 FundationalesEprscc

135 1737 236 1820 patus
249 1715 644 1821 Quinqueecclesiensis
676 1724 719 1817 ¹,)
744 1729 780 1797 in
799 1725 923 1819 quibus
944 1727 1021 1817 ejus
1041 1721 1212 1804 Conditor
1230 1719 1332 1800 divus

135 1827 242 1900 Rex
233 1850 311 1924 rpse
329 1829 459 1899 limites
479 1827 703 1898 Dioeccseos
726 1849 747 1896 a
763 1826 940 1917 Danubio,
976 1848 1089 1920 usque
1111 1824 1243 1900 Savum
1261 1820 1334 1895 ilu-

135 1933 231 2002 vium
251 1927 384 2022 defigit,
404 1949 472 1998 nec
492 1948 564 1999 non
584 1927 717 1997 similes
744 1927 901 2000 Radonis
920 1928 1090 2016 Palatini,
1119 1929 1156 1998 in
1174 1923 1335 2017 ejusdem

133 2029 319 2102 Ecclesiae
338 2029 499 2100 favorem
517 2025 646 2114 editae,
678 2024 787 2096 dum
778 2030 910 2100 mistis
930 2048 970 2102 se
1004 2027 1334 2100 Monasterium

132 2151 257 2207 suum
289 2127 325 2202 S.
353 2127 580 2212 Demetrii
609 2146 747 2222 super
774 2125 941 2202 Zavam
975 2126 1171 2200 fluvium
1199 2129 1334 2218 (locum

134 2231 477 2317 aliasDimitrovics,
508 2251 601 2302 nunc
629 2227 1094 2325 Mitrovicn'nnncupatum)
1123 2249 1215 2300 cum
1242 2237 1335 2300 tota

135 2336 385 2430 provincia
444 2329 529 2401 illa
591 2340 791 2404 sanctae
854 2331 1074 2405 Coronae
1136 2328 1334 2406 rectifi-

138 2457 286 2525 casse,
315 2435 553 2507 etiterum
581 2435 890 2529 aquisivisse
919 2432 1128 2506 affirmat
1157 2432 1205 2525 b).

682 2559 720 2646 §.
750 2561 784 2632 7.

415 2683 506 2756 Istat
528 2685 633 2755 Jcn‘a
660 2683 708 2754 ad
737 2683 828 2755 olim
853 2687 1072 2777 Hanqara'od.
1137 2645 1141 2653 ⁴

115 2885 117 2890 .
198 2815 202 2824 ’
238 2805 448 2882 Contrarias
477 2831 496 2878 a
523 2817 647 2880 nostra
670 2809 869 2880 sententiae
889 2807 1099 2882 defensores
1118 2806 1163 2878 ad
1181 2802 1333 2902 diploma

137 2912 309 3007 quoddam
327 2909 471 2982 Andrea
497 2904 558 2980 111.
577 2929 779 3004 provocare
808 2921 935 2999 amant,
964 2911 1064 3000 cujus
1097 2918 1232 2981 textum
1266 2907 1334 2978 huc
1402 2931 1404 2936 ·

136 3013 324 3088 facientem
365 3011 459 3106 Pray
486 3010 613 3081 alicubi
644 3012 676 3102 ⁰)
696 3013 740 3082 'in
775 3011 864 3083 haec
895 3010 1006 3085 verba
1035 3015 1189 3083 notavit:
1223 3007 1334 3102 ,Cum

126 3107 311 3207 ,Sanctus
333 3111 414 3184 Rex
435 3111 618 3184 ladislaus
637 3110 663 3183 Ι.
692 3117 908 3186 transiverat
935 3113 1076 3185 Dravae
1105 3109 1269 3198 fluvium,
1298 3119 1334 3180 ct
1438 3112 1440 3117 ’

138 3228 282 3312 „partes
310 3213 539 3288 Sclavonicas
575 3213 701 3307 Regno
740 3218 888 3309 primum
927 3216 1115 3309 occupavit
1141 3222 1208 3284 etc.
1238 3210 1331 3281 etc.“

128 3318 208 3390 'Sed
234 3313 551 3412 quomodocunque
570 3316 707 3387 Auctor
735 3327 858 3389 noster
876 3315 1055 3389 Andream
1073 3315 1209 3408 Regem
1226 3313 1333 3384 lucu-

135 3418 368 3510 lentissimum
387 3424 515 3486 testem
533 3419 703 3502 nominet,
723 3418 805 3488 mihi
819 3418 940 3490 similis
960 3417 1003 3489 de
1016 3417 1332 3503 refactinarratio,
1382 3481 1385 3486 ,

136 3523 294 3614 quamvis
313 3516 491 3611 diplomati
509 3517 656 3603 inserta,
670 3519 840 3588 trecentis
859 3528 1011 3588 attamen
1030 3521 1131 3586 annis
1149 3519 1333 3602 remotior,

136 3620 307 3695 adversus
328 3639 499 3691 coaevum
509 3615 662 3708 Augusti
687 3615 878 3712 Scriptoris
908 3617 1157 3703 testimonium,
1183 3613 1333 3708 Hunga-

136 3744 197 3795 ros
219 3725 311 3794 inter
327 3718 536 3807 Danubium,
564 3726 600 3788 et
627 3716 758 3791 Savum
788 3716 945 3789 habitare
974 3716 1205 3790 disertissime
1224 3735 1331 3788 asse·
1390 3805 1392 3810 Ι

135 3827 260 3915 nentis,
284 3823 418 3895 elevari
436 3823 500 3893 vix
523 3839 634 3915 posse
655 3818 807 3893 videtur.
835 3818 875 3890 Id
892 3838 995 3910 vero,
1033 3818 1127 3913 quod
1152 3821 1331 3891 recentius

137 3924 319 4016 objecerat
345 3943 535 4010 nonnemo,
565 3921 638 4013 legi
660 3921 695 3992 in
722 3922 870 4015 quadam
888 3920 967 3994 libri
986 3917 1231 3995 Constantinei
1251 3919 1332 3990 edi-

136 4029 233 4099 tione
265 4048 337 4099 non
369 4023 545 4112 Savum,
573 4043 697 4095 verum
732 4022 914 4115 Salam,
942 4033 1040 4097 tanto
1068 4025 1182 4094 minus
1211 4041 1333 4094 ansam

165 4212 283 4277 ¹)Quaa
309 4225 342 4263 ex
375 4212 493 4278 Authog.
515 4211 634 4263 Maneat.
652 4206 811 4275 slmlgnteo.
829 4213 871 4266 ed.
890 4212 987 4265 Keller
1004 4210 1032 4262 in
1048 4209 1120 4262 ntur.
1139 4161 1231 4273 Baiae.
1249 4207 1332 4274 inn-

214 4283 334 4347 queeccl.
354 4283 386 4332 Τ.
406 4285 430 4334 1
449 4295 474 4345 ρ.
493 4281 536 4333 62.
555 4286 584 4331 at
601 4293 713 4346 aeq-
730 4282 801 4347 Pray
819 4295 894 4356 spec.
911 4283 986 4336 Hier.
1004 4281 1095 4346 flung.
1115 4279 1146 4328 Τ.
1165 4281 1188 4330 t
1209 4291 1232 4344 ιι.
1253 4279 1315 4332 227.

164 4349 193 4412 1ι)
210 4352 318 4403 Pariter
334 4365 368 4404 ax
386 4351 503 4415 Aurnog.
523 4351 594 4416 apud
613 4348 709 4401 llolldr
727 4365 751 4418 ιι.
771 4351 832 4408 147.
851 4353 879 4406 'at
897 4354 968 4420 epod
985 4352 1057 4415 Pray
1074 4363 1117 4443 op.
1134 4351 1162 4400 et
1178 4361 1240 4415 pag
1262 4349 1307 4405 cll.

165 4421 329 4486 >Itinera
347 4421 375 4474 ln
392 4420 491 4475 Annei
509 4425 595 4474 veter.
615 4434 642 4487 ιι.
660 4421 703 4474 83.
1340 4457 1342 4462 -
