3146 4864
163 100 219 204 no

167 257 348 338 Tribunali
382 261 559 348 revideri‚
595 282 697 354 quam
728 259 994 357 dispositionem
1017 282 1114 354 mox
1143 263 1366 360 insequentia

167 364 316 444 Comitia
334 365 379 438 ad
394 363 488 438 Fora
505 363 655 458 quaevis
673 362 907 436 extenderant
937 364 982 454 ⁴).

685 566 722 652 ὁ.
751 567 836 641 385.

393 717 632 792 necatorum
663 716 918 792 comitialium
945 714 1136 793 detectum.

270 870 423 965 Tempus
443 866 485 939 ab
502 865 642 939 indictis
671 862 830 940 Comitiis
867 866 911 937 ad
938 865 1078 940 illorum
1107 865 1369 940 inchoationem

169 970 424 1060 intermedium,
451 969 727 1063 gravaminibus,
766 993 809 1041 ac
835 966 1023 1063 postulatis
1050 969 1260 1062 colligendis
1298 972 1368 1042 im-

168 1074 345 1171 penditur,
366 1082 437 1143 tum
456 1071 630 1165 eligendis
648 1071 795 1144 Nunoiis
808 1069 1110 1144 Communitatum.
1132 1069 1366 1162 Mittebant*)

54 1232 57 1236 .
107 1213 108 1218 =
169 1177 237 1249 bos
267 1184 384 1263 autea,
412 1171 668 1267 Ablegatorum
695 1178 837 1248 nomine
857 1173 898 1245 ab
919 1173 1001 1246 olim
1021 1174 1266 1270 compeditos,
1293 1171 1369 1247 Co-

167 1281 321 1367 mitatus,
341 1274 514 1372 Capitale,
543 1273 712 1374 Ciuitates
730 1276 866 1370 Regiae
883 1273 961 1367 aa),
983 1274 1073 1347 aliae
1098 1280 1181 1348 item
1199 1274 1368 1349 Commu-

167 1372 311 1469 ntitas,
338 1386 442 1472 atque
460 1379 663 1467 victricius,
684 1382 784 1473 queis
802 1378 892 1450 baec
911 1382 1162 1473 praerogativa
1181 1388 1368 1474 compete-

166 1483 239 1572 bat,
267 1483 348 1576 quin
365 1479 550 1574 Magnetes
568 1501 723 1576 quoquc,
744 1483 799 1553 sui
810 1482 892 1553 loco
913 1483 1104 1553 conventui
1123 1480 1366 1554 interfuturos.

167 1584 439 1658 Instructionum
459 1583 610 1678 denique
629 1582 846 1658 elucubratio
875 1583 1112 1681 peculiaribus
1134 1587 1226 1658 curis
1252 1582 1367 1681 perfi-

169 1687 338 1761 aiebatur.

209 1808 251 1894 i)
275 1787 357 1880 Quot
378 1824 508 1872 numero
530 1807 690 1885 Nuncios,
722 1805 886 1889 capitula,
917 1805 1111 1887 Comitatus,
1140 1807 1190 1872 vel
1214 1807 1366 1874 (divitates

252 1895 420 1958 mittendos
449 1891 608 1961 babeant?
637 1896 725 1959 nulla
757 1896 824 1979 lege
855 1895 993 1976 positiva
1025 1896 1184 1960 definitum
1217 1895 1367 1959 bactenus
1488 1899 1490 1904 '

255 1982 371 2062 reperi.
394 1980 507 2046 Fuisse
530 1988 666 2062 tompus,
688 1985 761 2046 dum
784 2003 799 2045 e
822 1983 967 2063 pluribus
991 1980 1200 2046 comitatibus
1224 1990 1367 2063 quatuor,

253 2078 318 2132 tres
335 2089 372 2130 ex
386 2067 556 2149 aliquibus,
579 2089 595 2130 e
611 2069 772 2134 nonnullis
785 2070 921 2134 ⁴unicum
938 2072 978 2131 ad
992 2068 1128 2132 Comitia
1143 2070 1369 2148 comparuisse,

253 2162 378 2217 vetusta
400 2161 598 2218 monumenta
621 2156 802 2235 perhibent:
826 2175 886 2218 usu
909 2155 1013 2235 itaque
1034 2156 1152 2218 sensim
1171 2154 1315 2228 invaluit,
1336 2162 1369 2216 ut

254 2241 322 2305 bini
345 2240 409 2303 siut
432 2241 597 2304 moralium
620 2259 806 2322 corporum,
837 2241 950 2321 quibus
975 2237 1031 2321 jus
1056 2239 1264 2303 comitiorum
1287 2258 1367 2318 pro-

252 2329 357 2409 prium
381 2333 439 2404 est,
461 2334 492 2389 et
513 2345 576 2387 non
599 2325 706 2406 plures
729 2326 1027 2404 Repraesentantcs3
1052 2323 1198 2404 capitula
1217 2324 1368 2387 nonnulla
1404 2391 1407 2398 ,

252 2423 372 2489 tamen,
395 2430 450 2474 neo
471 2431 534 2475 non
557 2413 704 2491 quaedam
728 2408 881 2473 Civitates
904 2410 1008 2492 regiae
1031 2410 1187 2486 minema,
1216 2429 1366 2490 praeser-

252 2499 308 2562 tim
331 2497 452 2562 nostris
480 2495 693 2578 temporibus,
722 2495 805 2560 baud
833 2514 906 2559 raro
940 2495 1065 2560 unicum
1095 2503 1214 2559 tentum
1244 2498 1366 2561 mittere

252 2594 343 2649 eraut
365 2583 470 2654 solitis

186 2693 248 2780 Ἠ1)
271 2693 439 2774 Ablegatos
461 2690 644 2774 Magnetum
666 2691 859 2771 absentium,
881 2693 944 2756 imo
968 2691 1133 2756 viduarum
1156 2691 1247 2775 plene
1269 2693 1360 2756 annis

253 2779 347 2842 1557.
371 2777 445 2840 item
460 2778 564 2846 1551.
584 2778 784 2843 Ferdinando
806 2779 833 2843 1.
855 2789 1014 2862 regnante,
1036 2781 1175 2860 adeoque
1198 2779 1315 2856 seculo,
1336 2788 1367 2843 ct

200 2911 202 2916 -
252 2865 407 2946 amplius,
429 2873 592 2946 antequam
613 2866 662 2928 lex
685 2874 812 2930 eatenus
835 2867 959 2930 condita
980 2866 1071 2929 iidem
1093 2866 1206 2942 iaciat,
1232 2866 1362 2930 Diaetac

251 2950 446 3029 interfuisse,
469 2952 669 3034 diplomatica
691 2951 761 3038 ejus
782 2953 851 3016 aevi
868 2953 1041 3037 fragmenta
1062 2952 1280 3032 prodiderunt.
1319 2975 1321 2982 ’
1391 2989 1394 2996 ’

721 3198 729 3215 .
759 3145 844 3219 386.

506 3272 627 3381 Antea
646 3145 1019 3346 aldernarisolitom.

269 3414 558 3511 Deputandorum
571 3418 699 3490 electio
720 3419 832 3492 libera
846 3421 985 3516 quidem
996 3432 1031 3494 et
1042 3432 1221 3496 retroacta
1236 3429 1366 3509 aetate,

165 3525 375 3592 nontamen
400 3540 549 3614 prorsus
580 3519 764 3593 arbitraria
783 3523 860 3595 fuit.
895 3523 1068 3597 Nuncium
1095 3529 1187 3597 enim
1206 3523 1365 3596 Comita-

166 3631 262 3693 tuum
292 3640 401 3713 agere
430 3644 534 3694 nemo
561 3633 723 3719 poterat,
752 3627 820 3698 nisi
848 3625 957 3697 nobili
985 3629 1151 3721 prosapia
1178 3635 1296 3713 ortum
1323 3647 1367 3696 ac

116 3781 118 3786 .
166 3724 459 3819 possessionatus
490 3719 550 3814 δ);
587 3727 656 3796 imo
693 3748 761 3797 neo
795 3726 996 3820 Magnetum
1036 3727 1231 3799 absentium
1262 3729 1364 3815 alter,

167 3819 283 3917 neque
311 3821 481 3917 plurium,
518 3848 619 3918 quam
651 3827 799 3898 duorum
827 3831 927 3902 vices
957 3833 993 3900 in
1026 3829 1095 3900 hoo
1122 3850 1267 3900 munere
1295 3851 1365 3900 ex·
1418 3821 1421 3825 ’

165 3926 266 4020 plere
298 3925 341 4015 ὓ).
370 3926 594 3999 Arcobantur
626 3929 812 4025 aliquando
840 3929 1028 4002 abeodem
1056 3930 1261 4003 sustinendo
1281 3931 1362 4003 Ad-

196 4091 224 4157 ·)
244 4093 384 4149 183515.

196 4176 321 4262 111611.
341 4181 439 4234 61.-
458 4185 535 4238 1611.
553 4185 596 4238 er.
616 4214 649 4227 -
670 4184 747 4239 1723.
765 4187 790 4238 7.
834 4151 837 4156 ’

198 4263 222 4330 ι)
241 4267 320 4320 1611.
342 4269 385 4322 m.
