3158 4864
1309 233 1378 307 171

226 397 353 485 ⁴*)·Qui
387 398 562 462 Barouetus
596 397 753 464 interdum
790 400 915 466 divisus
952 409 1127 479 comparet,
1161 406 1196 460 ut
1236 395 1380 460 videlieet

269 485 453 563 Dalmatiae,
476 493 505 546 et
523 483 667 550 croatiae
690 486 783 564 alter,
807 487 886 550 aiter
908 488 1022 551 iterum
1040 484 1221 548 Soiavoniae
1237 483 1382 562 praefet-

271 580 322 633 tns
355 572 445 635 toret.
487 572 534 634 De
569 590 628 652 quo
663 571 838 654 complures
871 577 1022 636 Auetores
1055 570 1155 636 videri
1185 576 1320 649 possunt
1335 567 1381 653 ⁸).

269 656 439 719 iinstabaut
462 657 552 718 etiam
572 694 613 703 —
635 663 799 720 attestante
821 657 995 721 Verbdezio
1010 657 1044 739 ι’)
1070 697 1109 708 -
1128 655 1232 718 Bonus
1247 655 1381 718 Matho-

269 745 406 818 viensis,
436 751 466 804 et
488 743 724 820 Severinensis,
754 763 884 824 quorum
915 744 1052 805 omnium
1083 744 1164 804 idem
1188 751 1272 816 erat,
1296 741 1378 821 quod

270 829 346 892 alibi
378 829 594 892 Marohionom
629 829 793 908 Gnidiam,
827 831 942 892 limites
988 829 1133 896 videlieet
1168 827 1381 904 Menarchus,

268 935 417 1064 areefque
432 915 595 1086 )tiuitimas
626 916 810 998 defendere,
843 925 935 1002 atque
957 916 1119 982 securitati
1140 924 1287 978 externae
1319 915 1383 976 ad-

269 1018 463 1085 vigiam.

204 1108 264 1198 aa)
288 1113 359 1174 Non
382 1111 543 1194 ingredior
573 1112 703 1196 Georgii
731 1116 853 1198 Re'tkay
869 1115 922 1199 1),
953 1114 1001 1176 vei
1024 1111 1154 1177 Antonii
1179 1110 1332 1174 Helmarii
1347 1109 1383 1193 θ)

268 1199 466 1280 opinionem,
490 1195 581 1281 eujus
604 1199 710 1264 Belius
724 1198 842 1284 'junior
870 1202 1009 1264 meminit
1029 1200 1076 1280 f),
1099 1199 1256 1262 Bonorum
1279 1196 1382 1278 origi-

267 1305 336 1348 nem
360 1286 398 1347 ad
422 1284 564 1350 Secutum
587 1294 660 1365 post
683 1286 845 1350 Christum
868 1297 975 1350 natum
998 1294 1136 1362 sertum,
1160 1283 1379 1348 Christianae-

181 1433 194 1452 ,
269 1392 327 1453 que
348 1369 525 1454 Religionis
548 1371 639 1434 initia
661 1371 889 1455 rejicientium,
913 1393 990 1456 quae
1014 1381 1157 1452 quantam
1181 1369 1292 1432 habeat
1316 1368 1383 1432 veri

269 1457 420 1539 speeiem,
461 1454 632 1538 expendere
665 1457 898 1523 Historioorum
936 1466 994 1521 est.
1030 1457 1091 1518 Sed
1126 1456 1227 1518 obiter
1260 1453 1382 1518 indico:

270 1543 460 1626 Dignitatem
483 1543 636 1605 Bonorum
661 1545 801 1626 viguisse
824 1547 856 1608 in
873 1545 1001 1610 Oroatia
1020 1540 1086 1626 jam
1109 1551 1194 1618 tuno,
1217 1561 1284 1602 eum
1302 1559 1381 1622 pro-

268 1633 338 1711 prio
359 1629 459 1692 adhue
478 1631 556 1712 Regi
573 1631 734 1710 parebant,
758 1633 802 1694 uti
820 1631 965 1712 Dipioma
982 1627 1164 1694 Creseimiri
1187 1625 1384 1702 croatorum,

269 1726 298 1780 et
328 1717 577 1780 Dalmatinorum
608 1717 704 1798 Regis
734 1721 772 1782 de
794 1721 836 1782 Αο
868 1717 972 1794 1083..
1007 1735 1026 1777 a
1056 1713 1156 1778 Luoio
1187 1716 1384 1794 prodentem,

269 1804 404 1866 ostendit
418 1803 463 1884 t).
487 1804 550 1864 Sub
574 1804 713 1886 Regibus
737 1825 810 1868 uero
838 1805 1021 1886 Hungaris,
1046 1803 1099 1881 qui
1121 1799 1214 1866 simut
1237 1799 1386 1864 croatiae

270 1889 473 1968 imperabant,
497 1889 528 1948 in
553 1888 683 1950 Litteris
707 1889 831 1970 Geysae
854 1892 895 1955 11.
918 1893 954 1953 de
965 1891 1007 1952 Α0
1023 1887 1129 1964 1150,
1145 1886 1278 1968 aliisquo
1293 1883 1386 1970 ejus-

271 1977 338 2034 dem
364 1971 457 2051 Regis
481 1973 711 2050 posterioribus
736 1975 830 2038 Belus
854 1976 957 2038 Bonus
981 1974 1136 2052 ooourrit,
1160 1992 1219 2055 quo
1243 1972 1384 2036 anterio-

276 2077 340 2119 rem
363 2057 510 2120 beeteuns
534 2075 595 2120 uon
618 2059 723 2124 inveni
738 2059 784 2145 11).
1360 2064 1363 2070 “

709 2191 746 2282 §.
777 2189 886 2268 234.Ι

585 2325 766 2396 Aetioz'toe
784 2320 983 2394 hodierno.

287 2448 340 2522 lta
359 2447 498 2542 legibus
529 2450 757 2520 constitutum
784 2449 951 2542 reperio,
980 2457 1017 2520 ut
1047 2445 1092 2518 od
1123 2464 1251 2518 aroana
1273 2444 1385 2537 Regis

185 2551 356 2640 consilia,
394 2549 600 2644 Regnorum
642 2550 781 2622 illorum
821 2552 1005 2642 negotiis,
1053 2551 1315 2640 securitateque
1351 2543 1387 2616 id

114 2714 119 2720 .
186 2652 486 2750 exposcentibus,
531 2650 737 2736 adhibentur
772 2649 825 2742 ³),
865 2652 988 2724 indicit
1025 2649 1079 2723 his
1114 2650 1303 2744 generales
1336 2683 1389 2701 --

188 2755 268 2829 dum
285 2758 483 2828 necessitas
505 2754 661 2852 postulat
679 2789 731 2806 -
748 2753 850 2846 Rege
873 2763 990 2824 tamon
1011 2764 1260 2826 annuente-
1283 2746 1384 2824 Con-

185 2868 314 2932 ventus
345 2855 404 2947 1),
437 2860 472 2928 iu
503 2856 647 2952 quihus,
681 2859 731 2928 uti
763 2860 800 2928 in
829 2854 961 2928 Tabula
987 2856 1111 2928 Bauali
1154 2851 1385 2942 Praesidium,

186 2981 294 3055 porro
309 2959 545 3034 denominatio
557 2957 760 3032 Viae-Beni
778 2958 893 3031 eidem
910 2958 1026 3030 delata
1041 2960 1305 3054 conspiciuntur
1343 2953 1384 3046 ¹).

185 3061 250 3134 Est
275 3082 385 3156 porro
414 3063 568 3136 nondum
596 3071 765 3134 revocata
799 3061 865 3132 hoe
891 3060 1166 3133 authoritatem
1193 3060 1236 3129 iis
1270 3059 1386 3152 parti-

185 3163 251 3235 bus
279 3162 395 3236 iudex
424 3162 541 3256 Regni
568 3163 852 3255 ordinatinem),
881 3185 950 3258 quo
980 3165 1122 3236 nomine
1149 3159 1313 3232 Mandata
1343 3154 1388 3232 ad

185 3265 377 3339 inferiores
423 3264 567 3340 iudices
601 3267 738 3340 dimittit
765 3267 812 3357 n).
868 3265 1000 3350 Quibus
1031 3262 1189 3338 omnibus
1220 3262 1388 3334 doeemur

183 3387 384 3404 *a

216 3435 241 3498 ⁵)
260 3431 355 3484 Timon
379 3436 461 3502 imag.
484 3449 546 3489 nov.
571 3438 660 3500 flung.
688 3437 778 3488 017.
803 3452 828 3502 p.
846 3439 906 3494 tae.
925 3438 988 3489 Gar.
1007 3437 1076 3489 And.
1094 3432 1151 3490 net.
1173 3437 1206 3489 de
1225 3433 1308 3488 hren.
1331 3431 1385 3486 Off.

219 3506 655 3634 n)¹pi:fft'}1¹¹¹h⁸'9h'³⁰'p⁸¹m³
674 3505 723 3572 0p.
744 3508 787 3558 eit.
807 3521 830 3572 p.
850 3507 893 3560 aa.

207 3645 242 3705 o
260 3641 374 3712 eatan,
393 3613 469 3713 ehu
487 3645 529 3697 on
545 3641 646 3712 annin
665 3641 782 3701 nornine
803 3661 826 3712 ρ.
846 3649 887 3698 u.

217 3715 244 3780 d)
264 3718 294 3766 tn
314 3729 392 3765 meur.
414 3719 481 3782 Reg.
505 3721 533 3766 et
544 3718 645 3768 Banor.
661 3721 727 3782 Reg.
745 3717 862 3769 Dalmat.
880 3715 969 3767 Croni„
988 3717 1016 3764 et
1036 3713 1128 3764 setar.
1201 3755 1203 3760 ,

219 3789 244 3847 ·)
264 3787 294 3836 in
312 3785 500 3839 Serteehron.
521 3789 621 3838 Banor.
641 3788 876 3841 Datm.0roet.et
893 3787 984 3837 Sotav.
1049 3819 1051 3826 ¹
1191 3790 1194 3796 '

216 3852 244 3921 f)
265 3855 325 3906 Gar.
347 3857 414 3909 And.
433 3856 489 3909 nei.
509 3873 551 3924 op.
569 3859 613 3924 eit.
631 3857 653 3923 p.
672 3862 715 3912 15.
734 3875 758 3927 p.
776 3861 820 3912 28.

217 3925 245 3990 ε)
264 3925 346 3990 Oper.
364 3926 397 3976 de
415 3929 482 3994 fleg.
501 3929 588 3981 Datur.
609 3935 636 3980 et
654 3931 744 3981 setar.
764 3931 791 3980 b.
811 3931 835 3981 2.
856 3922 886 3977 8.
906 3928 930 3979 8.
1094 3981 1097 3986 .

216 3992 243 4063 ¹¹)
264 3998 314 4062 hp.
332 3998 443 4061 Peteriy
465 3999 493 4048 tu
512 3998 595 4051 cono.
620 4001 651 4054 Τ.
671 4003 694 4054 1.
717 4013 741 4067 p.
761 4001 820 4056 128.
839 4003 867 4049 01
884 3997 954 4066 Prty
979 3993 1005 4048 ΙΙΙ
1035 3990 1111 4060 sini
1144 3990 1215 4044 fflflh
1242 3989 1276 4042 ‘¹⁰
1300 3971 1388 4058 818111·

217 4069 616 4202 ÷)iii¹1‘.'³i1.-1ni.n.
691 4184 693 4190 .

218 4208 245 4265 ¹¹)
266 4209 342 4260 1791.
363 4208 404 4258 58.

218 4275 406 4342 ¹)172aaa.
1373 4327 1376 4332 ,

211 4348 246 4412 ω)
264 4349 307 4399 lix
322 4354 412 4400 mente
427 4347 533 4399 artioni.
550 4345 628 4406 1486.
644 4346 689 4408 88.
707 4378 743 4392 -
763 4341 941 4401 uitasset
959 4343 1034 4398 atera
1048 4340 1229 4410 dispositione
1245 4337 1322 4399 toto.
1337 4337 1380 4416 48.

217 4417 249 4486 n)
272 4422 332 4474 hrt.
352 4415 573 4484 ranosindt.
793 4419 811 4435 ’·
889 4441 894 4447 ·
928 4425 930 4430 ’
1046 4437 1050 4444 ·
1111 4423 1114 4430 ’
