3142 4862
188 206 238 278 a

188 371 375 470 praeferre
404 358 510 446 debet
537 413 590 424 —
615 395 704 446 vera
733 370 983 466 Philosophia,
1010 372 1110 446 velut
1131 369 1389 447 beneficarum

188 480 276 548 sima
294 477 450 566 ingenii,
477 475 743 568 voluntatisque
773 474 944 563 humanae
962 477 1096 544 rectrix
1125 494 1267 568 semper
1285 471 1389 548 adsi-

188 587 282 666 stat,
310 586 476 671 oportet,
505 579 606 667 cujus
626 600 704 648 eum
723 576 818 648 nulla
838 598 944 673 pars,
973 577 1051 648 sive
1069 575 1288 662 theoretica,
1309 579 1389 648 sive

187 683 344 777 practica
361 679 624 752 turtsconsutto
642 701 715 750 non
734 681 944 775 quandoque
972 678 1104 748 auxilio
1125 681 1182 766 sit,
1210 697 1388 772 persaepe

188 785 395 855 necessaria
415 779 492 853 liat:
521 782 616 854 nulla
636 791 754 852 tamen
772 786 898 875 magis,
918 801 1021 874 quam
1036 779 1264 874 Philosophia
1281 779 1387 872 Justi,

186 891 223 957 in
243 906 310 977 qua
330 886 465 970 anima,
494 895 530 956 et
557 883 822 957 fondamentum
846 887 960 956 omnis
991 882 1296 977 Jurisprudentiae
1314 904 1388 976 po-

188 990 315 1062 sitivae
336 987 509 1058 consistit.

680 1139 717 1225 §.
745 1132 902 1209 XLVIII.

567 1263 666 1350 Quid
680 1269 719 1336 in
736 1265 795 1336 ln's
813 1262 1011 1335 citandum.

282 1388 328 1462 Ut
356 1379 472 1463 autem
509 1389 699 1461 auxillares
737 1389 971 1462 scientiarum
1005 1387 1154 1483 copiae,
1182 1385 1320 1456 ratione
1351 1395 1389 1456 et

185 1496 339 1568 veritate
377 1492 490 1580 duce,
518 1492 586 1564 rite
624 1489 838 1585 dispositae,
867 1497 1018 1587 prosunt
1055 1490 1310 1575 vehementer;
1338 1489 1406 1559 ita‘

186 1595 297 1667 abusu
324 1595 383 1682 ad¹
398 1595 502 1667 devia
526 1592 720 1664 infelicium
746 1593 1039 1665 theorInrum
1067 1590 1238 1661 deductae
1263 1588 1386 1685 Impe-

184 1700 248 1767 riis
266 1699 377 1791 ipsis,
406 1718 448 1766 ac
465 1694 679 1787 Populorum
709 1693 936 1789 tranquilitati
963 1696 1125 1766 inimicae
1155 1691 1321 1780 evadunt,
1350 1703 1387 1764 et

182 1801 422 1893 perniciosae.
443 1795 582 1869 Utinam
600 1799 960 1892 nostra,-Patrumqne
979 1807 1078 1868 aetas
1095 1792 1385 1867 innumerabiIem

182 1901 278 1971 illam
306 1898 477 1970 malorum
507 1901 634 1970 seriem
662 1919 733 1970 non
761 1910 947 1996 tantopere
965 1893 1094 1973 fuisset
1112 1907 1272 1992 experta,
1301 1898 1385 1989 qui-

183 2002 250 2074 bus
267 2001 489 2098 execrabiles
517 2000 994 2097 Pseudo-Philosophorum
1018 2005 1228 2088 sentcntiae,
1255 1997 1383 2070 Histo-

181 2106 259 2174 riae
288 2104 515 2199 praejndIciis
542 2107 767 2197 inquinatae,
804 2116 862 2176 aut
888 2108 1038 2199 partium
1069 2103 1185 2175 studio
1206 2102 1380 2189 detortae,

169 2211 460 2307 tumnoxiarum
478 2205 749 2301 Hypothesium,
769 2211 992 2302 quantumvis
1022 2209 1276 2300 speciosarum,
1297 2223 1381 2274 ser-

183 2309 257 2380 vile
274 2309 449 2395 studium,
477 2320 583 2402 atque
603 2310 730 2382 similis
749 2313 935 2400 evagantis
965 2308 1104 2379 humani
1122 2308 1255 2400 ingenii
1274 2326 1381 2376 mon-

185 2418 258 2484 stra
276 2412 480 2482 universam
498 2409 675 2505 Europum
695 2410 917 2481 inundarunt.
993 2485 996 2490 ,

688 2561 725 2647 §.
752 2558 875 2632 XLIX.

631 2687 935 2768 Ansinadocrsm

281 2811 382 2885 Edax
407 2821 545 2905 tempus
573 2833 713 2903 rerum,
750 2813 845 2907 quod
869 2813 955 2885 nihil
973 2815 1187 2884 immutatum
1215 2807 1279 2882 sub
1299 2807 1377 2882 sole

171 2937 389 3016 permanere
419 2918 524 3004 sinit,
553 2917 708 2986 civilium
736 2937 877 3009 quoque
896 2911 1152 2989 institutionum
1177 2921 1377 2985 nostrarum

178 3039 386 3114 compagem
414 3018 563 3089 occultis
590 3019 738 3110 primum
766 3020 935 3094 cuniculis
965 3038 1115 3104 cavare,
1144 3016 1225 3087 deIn
1252 3022 1375 3108 aperte

177 3119 337 3218 adgredi,
352 3129 458 3214 atque
472 3119 719 3194 vehementius
737 3122 912 3214 inpetere,
927 3121 1067 3194 tandem
1086 3118 1268 3192 subversis
1287 3122 1375 3214 ipsis

177 3225 373 3311 columniS,
412 3243 507 3295 nova
538 3221 667 3316 placita
694 3221 1124 3319 veteribus'potissimum
1160 3222 1375 3294 substituere
1448 3295 1451 3300 ,

147 3339 148 3342 ’
175 3348 248 3398 non
275 3325 487 3408 intermisit;
516 3323 764 3418 qualimodo,
792 3324 917 3418 quibus
950 3322 1121 3416 consiliis,
1151 3327 1251 3418 etUIn
1270 3345 1375 3418 quem

176 3427 293 3511 licem,
314 3446 356 3494 ac
374 3433 540 3496 eventum
558 3427 626 3497 ista
636 3424 851 3522 pedetentim
864 3434 1076 3524 praeparata
1093 3430 1130 3498 in
1147 3435 1374 3522 praesentem
1497 3469 1510 3492 ο

177 3536 306 3599 statum
325 3525 473 3618 deducta
503 3524 647 3617 fuerint,
668 3529 813 3602 candide
840 3553 1007 3616 enarrare
1025 3551 1144 3601 rerum
1172 3541 1373 3607 nostrarum
1423 3565 1435 3584 ‚

174 3625 478 3722 Historiographis
516 3629 701 3723 relinquo,
738 3653 852 3703 meum
889 3637 978 3723 erit,
1006 3654 1078 3705 non
1105 3633 1372 3728 divergondoa

174 3750 287 3824 scopo
300 3730 473 3823 praefixo,
485 3751 587 3822 quem
605 3730 706 3805 frons
716 3734 843 3828 Operis
853 3735 975 3830 pandit
982 3761 995 3828 3
1013 3734 1105 3812 hunc
1124 3757 1166 3808 ea
1185 3744 1370 3813 ratione

173 3833 357 3928 prosequi,
376 3839 413 3901 ut
431 3851 499 3900 nec
516 3852 629 3926 nuper
648 3837 838 3929 antiquata,
859 3858 927 3908 nec
944 3842 1169 3935 mutationes,
1182 3865 1248 3938 per
1268 3847 1369 3921 vices

146 3973 148 3978 ·
172 3937 352 4007 recentius
372 3931 608 4022 introductae,
626 3933 756 4009 hiatum
775 3937 902 4010 ferant.
932 3972 934 3976 ·
1058 4022 1062 4027 ⁴

720 4086 757 4172 §.
779 4086 817 4159 L.

521 4161 522 4164 I
617 4257 619 4262 -
667 4210 899 4322 Methodnc

181 4394 187 4404 .
271 4329 461 4444 Methodns
490 4329 616 4421 cuique
656 4331 860 4444 disciplinae
888 4355 929 4408 en
966 4365 1032 4442 pro
1061 4345 1240 4444 aptissima
1266 4361 1365 4428 recle
