3094 4868
1277 220 1351 296 225

196 385 234 472 1)
259 388 327 463 Quo
359 387 457 471 igitur
489 386 591 450 animo
622 403 641 448 a
671 385 808 467 partium
839 383 961 462 studio,
1006 403 1040 448 aa
1071 385 1207 468 privatis
1237 388 1352 457 linibus

238 476 351 550 libero,
374 481 546 555 quantaque
569 493 636 536 cum
660 475 830 552 gravitate,
853 470 1008 548 decentia,
1031 479 1061 534 et
1083 474 1236 554 religione
1258 479 1353 544 isthic

238 564 467 641 procedendum
491 561 549 637 sit,
572 579 624 623 res
647 561 717 640 ipsa
742 559 889 638 loquitur.
920 556 962 621 Ut
984 559 1061 624 adeo
1084 561 1206 644 indigni
1228 567 1352 628 nomine

239 647 409 728 hungarico
444 647 554 708 morito
585 646 717 708 habendi
750 646 831 719 sint,
874 643 927 724 qui
960 643 1169 725 factionibus,
1203 659 1350 726 mercatu,

239 733 478 809 vociferatione,
502 731 634 814 aliisque
657 731 883 805 tumultuariis,
907 737 997 809 atque
1021 731 1186 796 malesanis
1210 738 1353 814 ausibus,

240 827 270 880 et
291 818 370 897 loci,
401 827 431 880 et
454 826 542 880 actus
572 821 649 880 adeo
681 817 822 880 solennis
851 815 1090 896 profanatione,
1120 819 1353 904 violationeque

239 923 272 966 se
297 924 330 968 sa
353 904 563 967 contaminare
586 905 706 966 nostris
738 903 818 985 proh
842 901 947 976 dolor!
980 903 1091 966 diebus
1115 925 1178 968 non
1202 928 1354 972 vereren-

237 997 307 1066 tur,
339 1011 402 1052 uon
426 991 661 1067 erubescerent,
695 989 837 1070 quamvis
867 989 1020 1052 adversus
1051 990 1172 1054 similes
1204 1013 1352 1060 excessus
1438 1048 1440 1052 .

238 1096 355 1156 poenae
378 1097 435 1157 per
457 1075 541 1158 leges
576 1079 707 1140 dictatae
739 1095 801 1138 uon
837 1074 958 1150 desint,
994 1092 1070 1154 quae
1101 1077 1129 1138 si
1153 1097 1221 1141 cum
1245 1083 1350 1163 rigore

146 1231 151 1236 .
238 1171 452 1237 manutentae,
475 1172 505 1224 et
529 1163 666 1225 salutare
689 1164 721 1222 in
744 1159 917 1240 exemplum
940 1159 1017 1222 citra
1039 1171 1217 1244 respectum
1241 1166 1352 1245 ullum,

238 1247 288 1310 val
310 1250 538 1310 conniventiam
561 1251 652 1310 etiarn
681 1247 815 1310 inflictae
847 1246 1000 1324 luissent,
1033 1243 1171 1327 flamma,
1196 1254 1268 1314 dum
1291 1255 1353 1331 hic,

67 1326 74 1338 ’
184 1341 187 1347 “
239 1342 269 1395 et
292 1334 356 1396 illic
371 1355 533 1415 erumpere
548 1342 701 1414 coeperat,
725 1333 907 1412 tempestive
931 1350 1092 1413 supressa,
1115 1354 1177 1398 non
1195 1339 1352 1401 contulis-

236 1428 284 1482 set
306 1441 417 1502 magna
440 1423 490 1482 sui
520 1430 609 1503 parte
633 1423 671 1482 ad
694 1420 941 1500 propagandum,
971 1423 1206 1502 augendumque
1230 1425 1353 1487 exitiale

238 1505 317 1568 illud
340 1507 548 1586 incendium,
566 1505 658 1592 cnjus
687 1523 809 1570 amaras
840 1502 984 1585 sequelae
1008 1507 1190 1573 universum
1212 1511 1353 1594 Regnum

238 1593 450 1673 persentiscit.

621 1777 781 1864 capum
803 1776 890 1846 VI.

152 1909 207 1988 lte
244 1905 632 1991 administratione
668 1909 944 2013 negotiorum
977 1908 1018 1990 ln
1051 1912 1087 1990 l.
1111 1911 1152 1990 R,
1187 1910 1352 1996 Civita-

278 2008 417 2112 tilus,
444 2011 567 2114 atque
601 2010 788 2115 reliquls
814 2006 1223 2098 iurisdictionibus.
1277 2053 1307 2107 .-

669 2165 703 2251 §.
735 2166 820 2237 710.

547 2317 729 2407 Rapa'mea
760 2315 966 2386 Cratistum.

256 2455 369 2529 Habet
385 2479 454 2528 una
473 2478 634 2551 quaeque
653 2453 805 2543 Civitas,
823 2464 862 2525 ut
879 2455 1151 2550 praemiseram,
1171 2461 1352 2555 proprium

155 2558 210 2631 illa
239 2564 416 2646 istratum,
446 2561 523 2649 ejus
543 2579 624 2653 pars
653 2581 722 2629 una
742 2566 797 2628 cst
819 2555 971 2628 Senatus
989 2560 1160 2647 interior,
1181 2571 1349 2635 constans

154 2582 301 2749 Judlee,
330 2659 503 2750 Consule,
534 2657 749 2754 Capitaueo,
770 2667 805 2729 et
832 2655 1087 2748 senatoribus,
1117 2683 1263 2755 quorum
1281 2687 1353 2735 nu-

154 2785 272 2834 merus
291 2753 450 2851 viribus,
481 2762 720 2856 amplitudini,
749 2761 1026 2853 necessitatique
1052 2763 1269 2855 singularum
1286 2787 1352 2836 rc-

156 2864 318 2958 spondet.
348 2863 516 2958 Princeps
536 2863 639 2952 hujua
658 2865 811 2937 Senatus
829 2860 969 2950 ludex,
1014 2864 1096 2936 alibi
1121 2863 1266 2957 Consul,
1291 2868 1352 2939 ille

151 2967 309 3054 justitiae
340 2964 661 3048 administrandae,
689 2969 757 3046 iste
785 2965 939 3052 negotiis
969 2966 1147 3056 politicis,
1177 2979 1213 3038 et
1238 2990 1353 3041 oeco-

154 3067 302 3136 nomiois
321 3076 486 3158 praeest,
515 3061 727 3156 capitaneus
745 3083 835 3135 vero
856 3066 1082 3146 securitatem
1111 3062 1273 3141 Civitatis
1293 3074 1354 3141 in-

155 3176 291 3238 ternam
319 3178 497 3261 procurat.
536 3163 763 3236 Notariorum
794 3160 1003 3235 Civicorum
1033 3165 1234 3240 functiones
1276 3170 1354 3241 lare
1458 3195 1461 3201 ’

158 3277 356 3359 congruunt
384 3269 530 3359 agendis
559 3264 786 3339 Notariorum
817 3260 1031 3356 Comitatus,
1059 3289 1162 3358 nam,
1190 3280 1227 3342 ut
1261 3293 1354 3344 oon-

158 3379 253 3459 slat,
283 3390 345 3442 sua
373 3367 503 3441 habent
532 3365 702 3440 Civitates
731 3365 960 3454 Protooolla,
989 3391 1058 3462 quo
1088 3369 1241 3446 Senatus
1261 3396 1354 3446 oon-

158 3468 255 3543 olusa
283 3470 502 3560 inferuntur,
530 3470 722 3542 Archivum
751 3475 857 3556 item,
887 3489 928 3536 ao
953 3465 1142 3562 Sigillum,
1170 3475 1265 3568 quod
1293 3481 1354 3546 in-

157 3576 246 3643 tuitu
277 3569 459 3661 actorum,
487 3575 630 3663 negotia
661 3569 797 3644 Civium
825 3568 1111 3662 respicientium,
1150 3578 1222 3646 vim
1249 3576 1355 3648 habet

147 3674 271 3766 'sigilli
300 3673 500 3744 authentici.
536 3673 675 3744 Partem
706 3674 872 3759 alteram,
901 3671 978 3742 sive
1004 3673 1171 3747 Senatum
1190 3681 1353 3749 exterio-

157 3797 256 3865 rem,
275 3774 443 3847 Praeside
463 3773 733 3870 Tribunoplebis
754 3773 1010 3867 Communitas,
1031 3797 1051 3847 e
1071 3780 1197 3872 quavis
1217 3777 1354 3853 Civium

161 3876 275 3950 classe
296 3877 456 3969 delecta,
485 3880 675 3951 constituit.

679 4085 704 4172 ᾗ
745 4087 828 4158 711.

618 4213 738 4299 Hujus
751 4221 892 4305 forma.

267 4357 388 4437 Civilis
407 4359 488 4434 hinc
516 4361 697 4455 reginonis
724 4358 839 4434 forma
858 4376 949 4455 quaa
977 4357 1041 4448 sit,
1067 4351 1174 4428 facilc
1192 4351 1357 4456 adparat,

212 4461 256 4536 ΙΙ.
981 4468 983 4472 ’
1110 4461 1156 4533 15
