3124 4868
185 203 255 276 136
284 173 288 180 '

181 370 284 469 quasi
302 367 439 444 eunetis
464 367 649 446 Nobilibus
677 371 829 460 viritim,
858 380 895 446 et
913 369 1045 468 absque
1064 369 1134 442 ulla
1164 370 1379 468 exceptione

179 475 324 572 proprio
350 477 386 545 in
414 494 569 568 persona
589 474 631 546 ad
650 475 779 548 bellum
805 495 945 570 semper
970 472 1379 570 proficiscendumluis-

181 588 263 665 set3
291 597 421 671 saepe,
449 579 519 649 imo
548 579 753 673 plerumque
782 574 911 651 fratres
931 577 1036 650 divisi
1065 585 1196 648 tentum
1215 599 1280 672 per
1299 579 1380 650 sin-

181 679 334 774 gula-
351 688 389 751 ut
408 679 477 753 diei
492 683 769 775 amat-eapite
789 702 833 752 eo
853 681 1012 754 obstricti
1031 678 1173 750 luerunt
1203 681 1248 770 ⁸).
1269 675 1380 752 Gum-

180 803 252 878 que
271 781 399 854 multos
428 805 496 878 per
523 792 693 874 aetatem,
721 782 891 877 quosdam
919 783 962 855 ob
990 780 1247 871 valetudinem,
1276 804 1394 864 eom-7-

98 910 102 919 ¹
180 885 301 982 plures
322 905 368 955 ex
386 887 541 958 muneris
559 889 720 975 ratione,
748 886 835 958 elias
855 886 899 957 ob
919 904 1045 957 causas
1061 884 1133 974 jam
1151 883 1212 956 lex
1231 883 1382 980 dispen-

183 994 252 1075 set,
261 986 334 1076 jam
354 996 477 1082 suapte
497 987 657 1086 impediri
677 990 869 1082 contingat,
882 1009 942 1061 ros
961 992 1040 1084 ipsa
1058 986 1223 1082 loquitur,
1234 996 1384 1083 propter

185 1088 312 1162 similia
331 1087 512 1165 obstacula
532 1090 772 1166 substitutioni
791 1091 907 1163 locum
932 1090 1044 1164 fuisse
1062 1091 1233 1161 relietum.

707 1295 744 1385 §.
774 1299 861 1371 551.

602 1449 734 1522 Utrum
761 1445 963 1522 Nobilitas.
1082 1531 1086 1536 ¹

285 1622 343 1693 An
368 1618 516 1694 Nobiles
535 1620 735 1714 obligentur
763 1624 867 1692 etiam
887 1627 988 1691 extra
1013 1620 1141 1692 limites
1162 1619 1301 1691 Patriae
1320 1641 1384 1689 ar·-

183 1726 249 1796 mis
269 1723 435 1811 servire,
464 1731 500 1793 et
519 1744 587 1816 qua
606 1722 669 1794 sub
690 1721 921 1794 conditione?
949 1743 1057 1816 saepe
1088 1723 1285 1815 quaesitum
1303 1742 1385 1792 me-

184 1828 289 1914 mini3
317 1847 396 1896 nam
428 1822 648 1897 deservitio
684 1823 754 1895 hoe
781 1829 872 1896 intre
901 1823 1029 1895 limites
1060 1822 1200 1895 Patriae
1229 1825 1384 1918 propriis

186 1927 355 2000 sumtibus
388 1927 602 2022 praestando
623 1936 746 2022 aperta
764 1946 824 1999 res
853 1926 889 1999 fit
908 1947 980 1999 non
998 1926 1104 1999 modo
1126 1947 1173 1998 ex
1190 1925 1386 1998 universali

185 2029 398 2120 traditione,
428 2027 493 2100 sed
521 2051 569 2104 ex
593 2031 671 2125 ipsa
695 2029 795 2101 Bulla
826 2051 946 2120 aurea,
984 2029 1019 2101 id
1054 2033 1292 2101 constituente
1323 2026 1381 2117 b):

189 2131 251 2224 „Si
270 2141 386 2203 autem
413 2129 493 2204 Rex
521 2143 623 2207 extra
652 2131 813 2226 Regnum
842 2134 1037 2204 exereitum
1064 2132 1193 2204 ducere
1213 2130 1382 2219 voluerit,

188 2233 422 2328 „Servientes
442 2255 520 2304 eum
549 2239 709 2332 ipso'ire
729 2256 801 2307 non
818 2244 1027 2323 teneantur,
1055 2235 1124 2306 nisi
1150 2256 1215 2329 pro
1234 2235 1384 2327 pecunia

69 2341 72 2348 '
188 2339 334 2432 „ipsius
375 2335 413 2409 Si
436 2356 525 2408 vero
552 2360 599 2410 ex
618 2335 768 2412 adversa
796 2346 896 2431 parte
917 2338 1096 2410 exereitus
1115 2339 1257 2408 venerit
1276 2356 1385 2430 super

188 2439 393 2532 „Regnum
423 2458 546 2510 omnes
575 2440 826 2512 universaliter
856 2441 909 2510 ire
937 2438 1149 2510 teneantur“
1178 2437 1242 2510 sed
1265 2437 1385 2509 Verba

188 2539 348 2631 ejusdum
373 2540 520 2612 Deereti
549 2543 667 2632 „nisi
694 2563 779 2637 pro
807 2543 1010 2636 pecunia
1036 2541 1214 2636 ipsius“
1245 2539 1386 2610 dubium

184 2644 303 2715 multis
323 2645 582 2716 necimmerito
601 2651 807 2734 moverant,
835 2654 949 2717 utrum
967 2646 1077 2737 regiis
1097 2642 1267 2716 sumtibus
1286 2645 1384 2712 anti·-

185 2747 302 2920 ‹fluitus
321 2743 504 2818 Nobilitati
522 2750 627 2818 etiam
645 2748 777 2820 invitae
798 2757 899 2819 extra
914 2747 1077 2842 Regnum
1094 2744 1295 2820 bellandum
1313 2765 1385 2816 non

203 2845 322 2920 uerit?

690 3035 748 3142 ς.
777 3053 862 3127 552.
895 3025 900 3030 ’

560 3205 688 3280 Etiam
708 3216 820 3278 entra
837 3186 1018 3278 Patrium.

289 3375 377 3449 Sunt
394 3385 510 3471 tamen
527 3378 648 3470 leges,
668 3376 793 3472 hisque
811 3398 959 3471 prorsus
989 3384 1231 3450 consentanea
1251 3399 1383 3449 monu-

188 3483 332 3567 menta,
353 3501 443 3575 quae
461 3477 493 3550 N
496 3477 688 3552 abilitatem
706 3481 742 3550 in
760 3479 883 3572 regula
902 3480 993 3552 ultra
1010 3479 1126 3572 Regni
1143 3481 1272 3554 limites
1291 3503 1382 3574 pro-

190 3580 338 3670 cedere,
359 3585 652 3676 exercituumque
670 3580 762 3651 haud
781 3581 946 3656 debuisse
964 3582 1109 3671 verbis,
1128 3605 1275 3677 quorum
1294 3605 1384 3678 per·
1481 3631 1483 3636 -

190 3685 367 3776 spieuitati
394 3682 479 3753 nihil
509 3688 640 3778 opponi
659 3691 797 3779 potest,
824 3685 938 3779 palam
966 3683 1161 3756 decernunt
1178 3683 1229 3778 lt.
1258 3687 1329 3776 Ajo
1349 3688 1387 3756 in

188 3782 333 3877 regulo:
354 3782 390 3853 id
409 3788 501 3855 enim
519 3787 555 3856 in
567 3784 858 3881 extraordinariis
872 3785 1011 3860 essibus
1030 3790 1237 3883 imperatum
1255 3787 1384 3875 fuisse,

187 3897 226 3958 ut
242 3887 509 3958 recentissimos
528 3909 600 3958 non
619 3886 795 3977 adieram,
823 3888 928 3962 dooet
945 3911 1031 3984 prae
1051 3893 1204 3963 caeteris
1223 3891 1299 3964 Art.
1324 3893 1382 3961 17.

191 3991 299 4062 1498.
326 3986 370 4059 Et
389 4008 475 4060 sane
495 3990 572 4082 quis
598 3988 745 4080 eredat,
773 4001 855 4063 tune
873 4013 1036 4087 quoque,
1065 4015 1142 4064 eum
1171 3996 1227 4066 vis
1246 3995 1387 4065 inimica

188 4089 351 4162 afinibus
369 4088 485 4185 Regni
511 4091 762 4187 propulsanda,
791 4095 820 4165 si
838 4094 1034 4190 reparanda
1062 4096 1214 4186 injurie,
1243 4093 1382 4192 quando

184 4234 389 4246 ι--ι-

218 4296 245 4446 Li)
260 4302 337 4436 115212}
356 4301 400 4355 ³7.
420 4330 453 4344 ·—
474 4306 551 4358 152³.
571 4307 612 4360 19.
627 4335 663 4348 -
683 4301 761 4360 iota.
779 4305 823 4358 ³³.
841 4330 876 4342 -
895 4307 973 4359 rost.
993 4307 1035 4358 21.
1054 4311 1105 4360 eto.
1212 4381 1215 4387 Ι

338 4421 345 4439 .
365 4388 387 4440 7.
911 4408 913 4412 ’
