3124 4868
675 351 712 440 §a
742 339 831 426 586.¹

578 501 716 572 Parum
740 499 917 593 probant.

252 648 409 742 Longior
427 670 472 720 ne
501 650 589 738 sim,
617 669 720 743 quam
747 650 897 720 instituti
924 647 1027 738 hujus
1055 648 1146 719 ratio
1176 650 1347 742 postulat,
1451 693 1453 698 -

147 749 345 825 observare
364 751 510 823 sullicit:
538 773 607 822 nee
634 750 713 822 illas
742 750 890 845 duplicis
920 749 1054 822 ordinis
1073 752 1348 840 concessiones,

144 873 215 924 nec
234 852 387 924 oblatum
407 875 426 922 a
444 852 651 945 Regnicolis
670 853 706 923 in
727 852 956 925 sublevamen
974 851 1191 948 publicarum
1210 873 1367 945 eroga-·

147 958 304 1044 tionum‚
333 977 354 1025 a
380 952 598 1049 Principibus
628 975 718 1026 vero
746 963 966 1049 acceptatum
993 957 1098 1049 pretii
1125 964 1349 1046 augmentum

147 1056 323 1130 adversae
351 1055 475 1130 lavere
505 1058 723 1143 sententiae3
751 1059 961 1150 praesertim
990 1059 1021 1128 si
1048 1093 1100 1128 -.
1126 1059 1177 1127 uti
1206 1065 1350 1151 oportet

81 1228 86 1236 .
145 1197 201 1211 -·
217 1168 253 1230 et
267 1157 500 1231 articulorum
518 1167 676 1244 tenores,
706 1167 741 1228 et
759 1157 1002 1252 Augustorum
1025 1157 1279 1247 resolutiones,
1307 1179 1350 1230 ac

146 1282 234 1333 usus
252 1263 330 1354 ipsc
348 1271 445 1331 retro
473 1272 632 1332 actorum
659 1267 853 1353 temporum
882 1262 1068 1333 continuus
1088 1259 1239 1352 augendi
1258 1263 1345 1332 citra
1359 1327 1382 1357 ,K

79 1436 82 1441 ,
148 1363 362 1434 comitialem
389 1358 557 1433 inlluxum
584 1361 668 1434 salis
696 1364 801 1454 pretii
829 1361 947 1434 debite
967 1361 1011 1433 ad
1031 1382 1071 1433 se
1090 1363 1244 1435 invicem
1265 1363 1349 1434 exi-

147 1474 286 1557 gantur.
314 1462 358 1534 Et
376 1463 458 1558 quid
483 1461 781 1551 condononant,
809 1467 994 1558 quominus
1021 1463 1142 1555 Reges
1163 1462 1205 1534 de
1224 1484 1346 1555 nego-

42 1608 46 1613 ·
146 1569 219 1653 tiis,
246 1564 387 1643 liberae¹
410 1587 494 1636 suae
524 1567 724 1642 auctoritati
753 1563 945 1656 subiectis,
974 1586 1051 1636 cnm
1078 1564 1234 1638 Statilrns
1255 1587 1349 1636 con-

49 1757 51 1760 ·
147 1668 291 1756 sultam,
318 1667 380 1741 vel
407 1667 564 1740 subsidia
594 1665 802 1740 ereditibus
832 1670 905 1738 suis
935 1665 1113 1759 augendis,
1139 1689 1205 1761 per
1223 1665 1345 1740 Status

146 1772 331 1865 proposita
348 1773 415 1841 rati
433 1769 603 1860 habeant,
631 1767 731 1842 salva
758 1787 862 1843 secus
890 1791 954 1864 pro
985 1767 1131 1842 arbitrio
1151 1788 1215 1841 suo
1236 1769 1272 1839 in
1291 1766 1347 1849 liis¹

148 1869 359 1967 disponendi
386 1881 576 1966 potestate.

540 2057 541 2062 ¹
648 2017 707 2102 §.
737 2019 822 2090 587.

427 2166 526 2254 Quid
549 2142 702 2240 eotenus
729 2165 845 2240 modo
875 2165 1092 2244 obteneatt.

249 2317 344 2410 Ergo
372 2316 556 2412 leopoldo
585 2315 627 2386 ll.
657 2325 829 2408 regnante
856 2317 1006 2411 primum
1034 2315 1261 2388 constitutum
1278 2338 1344 2390 ro-

147 2423 260 2515 pcrio‚
289 2420 406 2493 Salem
433 2429 533 2491 extra
564 2415 713 2490 Comitia
739 2435 811 2491 non
836 2439 990 2510 augere,
1019 2417 1158 2490 salvo
1186 2426 1343 2491 tamen

144 2525 254 2612 jure
281 2521 461 2615 regali,
489 2531 624 2614 atque
653 2531 852 2616 excepto
892 2541 1003 2594 casu
1031 2527 1244 2606 extreme
1271 2543 1343 2594 ur-

149 2625 352 2718 gentium
380 2625 558 2694 aerarii
585 2623 1056 2694 circumstantiarum.
1086 2620 1183 2707 Quae
1210 2632 1340 2717 poste-

130 2789 134 2800 a,
147 2728 221 2796 rior
240 2724 396 2806 clausula
422 2725 570 2796 consilia
598 2727 777 2817 suggessit
806 2723 1012 2816 Regnicolis
1042 2721 1084 2794 ah
1117 2743 1162 2793 eo
1182 2732 1342 2821 tempore
1418 2787 1423 2794 .

148 2827 305 2917 ejusdem
337 2830 448 2922 ipsius
476 2829 806 2922 interpretationem
844 2847 939 2900 nova
978 2824 1171 2899 sanctione
1200 2827 1341 2901 sollici-

148 2928 243 3002 tandi
272 2923 325 3029 ⁴),
354 2951 398 3000 eo
419 2927 555 3003 scilicet
582 2928 835 3001 reducendam:
865 2937 904 2999 ut
923 2929 1081 3000 rationes
1107 2927 1267 3019 eaedem,
1298 2931 1343 3004 ob

146 3049 231 3124 quas
251 3025 398 3110 Comitia
424 3032 562 3108 servari
585 3051 658 3106 non
684 3051 794 3124 posse
823 3028 974 3101 Articuli
1000 3029 1043 3099 de
1073 3025 1343 3108 Contributione

149 3139 295 3222 agentes
324 3130 504 3206 declarant
533 3129 590 3220 ¹³),
617 3129 674 3203 hic
702 3134 834 3224 pariter
862 3127 1100 3200 tantummodo
1129 3128 1247 3204 locum
1274 3133 1344 3204 olr-

146 3235 289 3316 tineant.
308 3230 366 3304 Ad
384 3233 665 3304 similemtamen
677 3251 742 3304 seu
759 3228 1066 3318 modificationem,
1085 3231 1163 3301 sive
1179 3232 1343 3326 explica·
1382 3263 1384 3266 ·

146 3337 277 3406 tionem
296 3354 343 3404 ex
360 3343 460 3428 parte
479 3333 614 3424 Regiae
632 3331 829 3424 Majestatis
848 3353 1033 3406 accessum
1051 3352 1123 3404 non
1142 3343 1216 3422 est3
1234 3333 1343 3420 ,Quae

149 3439 269 3508 stricte
288 3436 379 3527 legis
397 3434 518 3506 verbis
537 3435 748 3522 insistendo,
769 3457 889 3506 casum
917 3442 1098 3509 extremae
1116 3439 1342 3514 necessitatis

152 3537 276 3612 abinde
295 3543 406 3640 enam,
418 3559 484 3612 suo
504 3536 751 3610 determinauit
765 3535 910 3625 judicio.
940 3607 941 3610 ,

675 3685 711 3769 §.
741 3687 824 3758 588.

65 3823 69 3833 ’
281 3809 377 3902 Pars
403 3827 498 3900 solr's
519 3831 641 3918 pretii
665 3826 842 3920 operibus
864 3826 1027 3920 publicis
1054 3849 1219 3908 sacruto.
1337 3903 1340 3908 .

246 3975 401 4050 Fundum
434 3997 481 4046 ex
512 3984 614 4046 aucto
646 3975 731 4046 salis
761 3976 899 4068 pretio,
929 3972 1053 4058 additis
1081 3974 1125 4047 ad
1150 3973 1341 4069 quemlihet

150 4080 384 4150 centenarium
403 4075 585 4147 cruciferis
605 4074 734 4165 tribus,
762 4075 873 4148 lllaria
891 4075 1061 4150 Therasia
1086 4097 1152 4171 pro
1170 4079 1344 4173 expensis·

177 4269 201 4330 u)
220 4269 281 4319 vid.
299 4275 351 4323 act.
369 4270 460 4323 Dicet.
479 4271 620 4336 cumprim.
641 4272 712 4325 Anni
731 4271 808 4326 1807.
827 4285 852 4336 p.
871 4269 932 4326 381.
952 4274 1055 4336 etseq.
1125 4283 1126 4291 ¹
1151 4303 1165 4319 .-
1237 4301 1240 4308 ψ

73 4397 76 4403 -
176 4353 560 4423 1)1717.8.-1711.87.
