3094 4868
542 451 702 538 eaput
725 451 870 522 vlu.

262 589 318 672 lto
344 583 510 671 ratione
537 583 883 671 administrandi
910 585 1158 672 iustitium.

633 741 670 826 §.
701 740 805 813 726,

315 894 419 964 Vetas
443 891 621 962 laetatae
647 889 974 965 administrandae
1000 899 1116 966 ratio.

213 1037 316 1114 Circa
354 1036 660 1112 administrandam
690 1041 862 1129 jnstitiam
896 1026 1050 1136 Principi
1093 1047 1308 1136 potestatem

10 1201 12 1212 .
110 1164 310 1240 supremam
346 1145 383 1213 in
409 1141 587 1235 Hungaria
617 1161 758 1238 semper
791 1141 903 1215 luisse
934 1147 1134 1239 propriam,
1180 1142 1311 1214 videor

10 1289 12 1298 ‚
109 1246 193 1318 mibi
210 1249 246 1316 in
266 1241 499 1317 anterioribus
519 1243 735 1316 sufficienter
750 1245 1012 1338 comprobasse.
1052 1245 1131 1318 Mos
1149 1265 1254 1332 vcro,
1278 1253 1314 1314 et

10 1377 11 1384 ¹
108 1351 200 1421 ratio
220 1347 447 1433 Judiciorum,
476 1367 520 1416 ne
552 1345 595 1415 ad
613 1347 748 1418 Ducum
770 1357 952 1442 tempora,
992 1347 1071 1420 dum
1105 1345 1237 1442 Cylas,
1276 1354 1314 1418 et

110 1449 269 1524 Carchan
289 1449 448 1520 iudicum
478 1449 578 1520 vices
604 1447 746 1520 obibant
775 1451 830 1539 ⁸),
867 1449 1033 1539 redeam,
1073 1447 1196 1520 eadem
1236 1445 1314 1520 iere

109 1556 231 1650 primis
251 1552 314 1625 sub
331 1549 489 1642 Regibus
511 1548 626 1641 isthic,
654 1573 744 1646 quae
760 1549 897 1625 Seculis
919 1552 988 1624 illis
1010 1551 1169 1646 reliquae
1191 1551 1312 1622 Euro-

108 1677 177 1751 pae
198 1663 284 1726 erat.
312 1653 460 1724 Fiebant
482 1655 668 1726 citationes
690 1653 733 1725 ad
766 1655 965 1748 exemplum
981 1653 1172 1725 Boicorum
1198 1653 1312 1725 Insti-

109 1768 263 1829 tutorum
293 1755 328 1847 b)
356 1777 421 1852 per
445 1757 649 1826 missionem
668 1754 784 1849 Sigilli
807 1757 952 1849 regalis,
980 1766 1040 1827 aut
1070 1755 1215 1828 alterius
1244 1776 1311 1828 se-

110 1860 239 1930 cularis
259 1857 320 1931 vel
345 1858 579 1928 ecclesiastici
597 1858 743 1946 Judiois,
788 1857 882 1951 quod
914 1855 1116 1947 eLadislai,
1144 1869 1180 1930 et
1201 1856 1314 1929 Colo-

109 1963 227 2033 manni
256 1961 420 2030 Decretis
446 1958 642 2052 colligimus
674 1961 718 2048 ⁰).
765 1958 998 2029 Perbciebant
1027 1963 1129 2030 istam
1154 1964 1312 2054 provin-

111 2068 200 2135 ciam
225 2065 440 2148 PraeconeS,
468 2081 615 2154 quorum
646 2060 869 2152 antesignani
895 2058 1063 2150 Comites,
1095 2059 1157 2134 uel
1177 2060 1313 2133 Archi-

109 2168 324 2239 Praecones.
352 2161 617 2232 Definiebantur
637 2162 719 2232 lites
745 2164 894 2234 retrusis
915 2161 1142 2236 Monarchiae
1170 2173 1313 2260 tempo-

110 2270 219 2357 ribus,
247 2273 283 2339 in
302 2265 412 2358 Regis
433 2261 549 2353 Curia,
577 2267 633 2334 cui
652 2263 838 2359 aliquando
859 2265 1087 2337 Praesentiae
1108 2265 1257 2358 Regiae,
1277 2276 1314 2338 ct

110 2371 256 2465 Regalis
288 2365 500 2440 Consistcrii
531 2387 678 2456 nomen,
725 2366 931 2461 Regemque
968 2370 1081 2462 ipsum
1109 2368 1313 2441 Praesidem

110 2471 367 2556 venerabatur,
394 2469 566 2558 Palatino,
596 2491 638 2538 ac
659 2466 793 2541 Comite
813 2467 943 2540 Curiali
962 2471 1172 2566 praecipuas
1189 2474 1226 2542 in
1245 2470 1315 2543 hoc

111 2576 248 2646 Judioio
268 2580 389 2667 partes
407 2568 558 2640 habente
590 2566 632 2659 ἆ).
661 2570 715 2641 Ne
738 2579 855 2641 tamen
886 2572 1066 2663 litigantes
1099 2573 1209 2666 Regis
1246 2574 1315 2646 do-

110 2677 276 2748 micilium
293 2693 469 2769 persaepe
493 2692 566 2742 non
598 2674 737 2764 exiguis
761 2693 839 2743 cum
867 2672 1040 2744 molestiis
1069 2674 1165 2745 adire
1197 2695 1313 2768 coge-

111 2787 295 2870 rentur,e
317 2778 398 2870 lege
419 2771 628 2846 colomanni
647 2773 701 2846 bis
723 2777 911 2872 quotannis
932 2777 968 2845 in
993 2775 1141 2868 singulis
1155 2775 1313 2872 Episco-

111 2882 250 2977 patibus
274 2876 430 2950 Comites
466 2874 705 2949 Parochianos
739 2898 818 2947 cum
857 2879 1009 2950 caeteris
1048 2876 1311 2972 Magistratibus

113 2984 156 3054 ad
182 2978 393 3053 dirimendas
429 2998 554 3048 causas
586 2980 780 3050 convenire
809 2983 965 3071 oportuit
995 2979 1039 3069 ⁸).
1091 2980 1310 3076 Quandoque

108 3083 189 3156 Rex
208 3087 285 3175 ipse
304 3079 396 3150 hunc
418 3081 454 3148 in
476 3076 580 3148 finem
604 3075 766 3169 Regnum
793 3075 910 3149 obibat
944 3075 985 3167 ί).
1013 3078 1204 3151 Praeterea
1235 3080 1313 3153 Co-

110 3189 226 3276 mites,
255 3191 290 3254 et
304 3180 394 3254 Vice
413 3175 581 3266 Comites,
601 3177 815 3273 Judicesque
832 3177 1010 3250 Nobilium
1025 3180 1061 3251 in
1073 3184 1197 3275 prima,
1218 3186 1312 3277 quod

111 3289 218 3378 ajunt,
245 3285 414 3355 instantia
436 3299 562 3351 causas
595 3281 813 3370 ventilasse,
852 3290 906 3352 sat
937 3284 1078 3375 antiqua
1109 3287 1311 3357 testimonia

111 3388 262 3487 produnt
292 3387 338 3474 ⁸).
365 3383 501 3454 iudicia
521 3405 609 3455 vero
627 3382 871 3455 ecclesiastica
893 3383 985 3477 apud
1005 3404 1071 3455 nos
1095 3384 1221 3479 Regno
1244 3391 1314 3482 ipsi

113 3491 417 3586 coaeva,prin1ae
444 3485 546 3579 leges
567 3493 713 3556 nostrae
740 3485 960 3572 ,sufficienter
991 3485 1233 3562 demonstrant
1262 3488 1310 3581 ¹²).

108 3642 305 3656 -σ-

140 3700 165 3756 a)
186 3701 329 3751 Constant.
347 3699 517 3764 Porpliyrog.
537 3698 587 3763 op.
606 3697 651 3748 ott.
672 3697 703 3748 C·
723 3693 766 3748 to.

139 3785 165 3850 ¹t)
184 3787 245 3838 vta.
265 3787 430 3851 capitularia
449 3787 579 3836 Francos.
598 3798 639 3850 ap.
659 3782 808 3834 Balunium.

140 3873 163 3934 ⁰)
184 3874 213 3924 S,
233 3873 332 3926 badisl.
352 3875 380 3924 11.
398 3875 418 3925 l.
439 3874 470 3925 C.
506 3873 587 3924 xult.
612 3874 641 3925 L.
661 3873 707 3926 tlt.
726 3872 755 3923 C.
774 3871 818 3922 lll.
838 3874 866 3921 cl
891 3869 978 3923 XXV.
1004 3871 1069 3922 item
1095 3871 1199 3923 Colom.
1225 3873 1260 3924 D.
1283 3874 1321 3927 L.-

188 3946 208 3994 1.
229 3944 259 3997 0.
277 3945 310 3996 V.
330 3944 376 3994 Vl.
394 3950 421 3994 ct
439 3944 513 3995 xlv.

41 4049 44 4053 ·
141 4027 168 4090 d)
187 4031 216 4080 S.
235 4033 299 4082 Lad.
317 4033 351 4081 D.
370 4031 398 4082 L.
417 4032 438 4080 1.
460 4030 490 4082 C.
509 4030 557 4081 111.
576 4029 652 4080 Cani.
676 4029 768 4079 Bartal
792 4028 840 4093 Op.
871 4034 907 4081 et.
933 4027 984 4080 loc.
1003 4026 1047 4077 clt.
1074 4039 1098 4091 p.
1117 4027 1175 4081 317.
1195 4037 1230 4084 ct.
1255 4044 1313 4097 seq.

19 4124 22 4130 '
141 4119 164 4173 ε)
185 4118 290 4168 Coloni.
310 4118 340 4166 1..
358 4119 377 4167 l.
397 4117 425 4168 C.
445 4119 477 4167 11.
497 4123 534 4167 ct.
553 4115 611 4167 Vll.
631 4127 719 4179 usquo
739 4116 792 4179 13,
813 4116 864 4180 23,
886 4112 928 4167 al.
948 4119 975 4166 ot
993 4110 1038 4166 61.

142 4203 171 4266 f)
192 4205 259 4256 Eud.
278 4205 346 4252 Dec.
367 4203 395 4253 0.
415 4203 457 4255 37.
478 4208 506 4254 et
526 4203 603 4254 tata.
623 4205 648 4253 1.

142 4291 171 4345 st
191 4290 268 4340 Coris.
289 4291 382 4340 Palma
399 4290 461 4340 Not.
486 4287 729 4354 Re1·.Hung.Ed.
753 4287 779 4340 3.
799 4289 830 4340 Τ.
857 4291 880 4341 1.
899 4303 924 4353 p.
944 4287 1002 4339 136.
1030 4291 1133 4353 etseq.
1152 4289 1215 4340 item
1234 4289 1311 4354 Prny.

188 4362 239 4411 loc.
259 4361 320 4424 paul
340 4365 395 4410 aut.
415 4361 460 4410 cit.

42 4509 45 4515 Ι
139 4444 166 4510 ¹¹)
184 4441 214 4498 Β.
232 4446 326 4512 Staph.
345 4448 379 4500 Ι).
397 4447 425 4498 Ia.
444 4447 478 4499 ll.
497 4445 527 4498 C.
546 4447 572 4498 2.
593 4445 619 4500 3.
641 4452 669 4498 ct
688 4445 730 4500 12.
750 4445 778 4498 S.
796 4447 862 4501 aad.
880 4447 910 4501 11.
928 4445 952 4496 l.
971 4443 1001 4504 C.
1018 4446 1041 4499 l·
1060 4451 1088 4505 tt
1105 4445 1151 4500 lV.

1494 2605 1523 2654 ἱ
