3158 4864
1285 211 1361 292 165·

154 377 342 474 implexas,
360 377 449 452 (luae
467 377 614 475 insuper
636 379 749 452 eidem
772 391 1000 455 accesserant
1020 403 1168 479 prorsus
1179 387 1351 482 insignes.

154 479 278 555 Honos
300 485 429 577 quippe
448 483 623 575 supremi,
641 487 873 579 perpetuique
893 481 1039 558 Comitis
1056 491 1235 561 unitorum
1256 490 1353 578 Post,

152 580 625 672 Pilis,etSoltComitatuum
656 586 702 674 ·),
717 585 946 676 etJusBona,
964 609 1100 661 sacram
1109 592 1225 683 Regni
1234 590 1356 663 Coro-

153 706 233 758 nam
250 688 503 780 respicientia,
538 690 629 756 intra
655 685 796 761 defixos
828 712 893 784 per
922 689 1025 783 loges
1055 690 1090 783 ¹²)
1114 692 1243 764 limites
1276 693 1355 764 aliis

154 785 382 876 conferendi,
426 809 517 882 quae
547 786 739 860 liberalitas
786 794 933 885 proprio
960 791 1176 867 Forensibus
1204 797 1354 866 termino

153 891 354 962 Duratio
379 891 656 962 Palatinalia
684 890 788 966 audit.
818 894 873 964 De
902 897 1011 986 priori
1040 895 1125 968 nihil
1153 905 1266 968 restat
1294 896 1354 968 di-

153 1015 261 1081 cere,
289 995 358 1065 nisi
384 993 479 1088 quod
506 991 654 1065 Palatini
682 1013 749 1063 usu
778 1005 833 1068 sat
859 1005 1002 1072 vetusto
1032 998 1210 1070 ordinarie
1239 999 1354 1071 Officii

153 1095 316 1191 Supremi
333 1092 478 1170 Comitis
498 1095 636 1188 agenda
645 1096 804 1188 Vinaria,
824 1098 934 1191 vulgo
952 1099 1085 1172 Admi
1098 1105 1355 1174 nistratori

154 1198 200 1270 ob
226 1201 355 1272 molem
380 1199 596 1293 reliquarum
630 1204 930 1295 occupationum,
975 1203 1170 1275 accedente
1205 1223 1357 1275 assensu

152 1301 264 1394 Regis
283 1300 576 1373 concrediderint.
605 1299 677 1375 set
704 1305 916 1396 posterioris
935 1307 1121 1396 originem,
1153 1315 1189 1376 et
1216 1304 1355 1399 qualem

154 1413 280 1499 postea
305 1427 326 1474 e
353 1404 471 1498 legum
498 1406 706 1498 provisione
735 1405 969 1478 variationem
998 1406 1182 1497 subiverit,
1214 1407 1354 1499 juvabit

154 1505 312 1580 nonnihil
336 1506 526 1580 illustrare.

341 1740 393 1812 Et
416 1634 969 1830 Donationam§pabl?adamm
993 1751 1175 1829 potestne.

255 1862 448 1934 Primordia
467 1861 708 1933 Palatinalium
726 1862 963 1933 Donatiouum
981 1885 1000 1932 a
1021 1861 1199 1936 Guberuio
1226 1863 1355 1962 Hunv-

155 1967 237 2059 adii,
267 1965 482 2055 decretoque
509 1983 671 2048 coaevo,
699 1964 799 2051 cujus
825 1960 1057 2052 fragmentum
1084 1963 1235 2059 Corpori
1258 1966 1355 2042 luris

154 2074 325 2142 inscrtum
353 2066 480 2136 visitur
510 2065 557 2152 ⁰),
602 2061 765 2134 derivare
801 2061 894 2132 haud
921 2065 969 2132 ita
997 2064 1133 2158 pridem
1169 2087 1352 2142 commune

152 2171 230 2244 fuit.
284 2167 433 2240 Exstant
461 2163 686 2237 nibilominus
720 2171 775 2235 sat
801 2163 1000 2257 frequentia
1030 2162 1288 2257 Collatiouum‚
1335 2195 1356 2242 a

154 2273 320 2346 Palatinis
340 2269 523 2356 factarum,
543 2269 748 2362 specimina,
777 2288 867 2360 quae
885 2264 1060 2362 llunvadii
1079 2277 1232 2354 aetatem
1245 2270 1354 2366 longe

157 2373 380 2461 antecedunt,
408 2371 492 2465 quin
510 2389 550 2442 se
570 2368 614 2440 ad
631 2367 731 2441 Bona
752 2367 924 2458 referant,
951 2367 1091 2441 Fiscum
1108 2370 1260 2464 Regium
1284 2375 1355 2444 im-

156 2476 304 2548 mediate
336 2475 532 2562 attinentia,
559 2470 619 2545 vel
637 2470 696 2543 illa
715 2470 759 2541 ad
783 2481 919 2545 certum
945 2493 1128 2547 numerum
1145 2471 1355 2548 Sessionum

156 2581 318 2651 restricta
344 2575 456 2648 luisse
485 2573 657 2666 colligere
685 2571 803 2645 liccat.
864 2572 1025 2668 Dumque
1055 2573 1289 2650 Gubernatori
1319 2589 1355 2650 et

154 2680 254 2754 Bona
272 2679 434 2774 praecise
451 2676 616 2764 Fiscalia,
644 2685 681 2747 et
697 2696 769 2746 non
786 2675 877 2748 ultra
894 2680 1037 2768 triginta
1056 2677 1143 2748 duas
1160 2677 1352 2753 Sessiones

156 2781 372 2855 colonieales
392 2777 850 2851 benemeritisconferondi
876 2787 1090 2872 potestatem
1121 2781 1183 2851 lex
1210 2785 1356 2875 praeci-

156 2895 227 2956 tata
239 2883 396 2955 disertim
407 2873 759 2970 conceditd),altera,
771 2869 876 2974 paulo
887 2883 1002 2952 serius
1013 2881 1155 2953 condita
1165 2884 1210 2973 ⁶),
1220 2882 1356 2955 Palati-

156 2989 211 3059 nis
223 2987 369 3078 gratias,
381 2982 808 3076 donationesquejurium,
829 2982 872 3053 ad
891 3003 1027 3054 sacram
1039 2980 1217 3056 Coronam
1237 2984 1355 3059 devo-

156 3091 321 3175 lutorum,
346 3084 469 3177 largiri
486 3083 633 3155 totidem
651 3083 772 3155 verbis
791 3083 979 3156 interdicit.
999 3083 1221 3159 Verbbozius
1241 3098 1352 3177 certe,

156 3190 216 3262 ubi
241 3188 421 3262 (lunonem
438 3185 576 3282 profert
593 3185 866 3280 Privilegiorum
883 3186 1093 3276 validorum,
1120 3187 1255 3280 roborc'
1270 3192 1354 3259 item

158 3293 402 3366 destitutorum
434 3289 479 3378 ¹),
508 3308 584 3358 eam
602 3291 888 3382 praerogativam
904 3293 1045 3385 penitus
1074 3290 1215 3365 silentio
1244 3313 1355 3388 prae·

54 3423 56 3426 ·
156 3397 262 3468 teriit.

406 3597 479 3670 Per
505 3491 720 3667 Palatinole
745 3493 933 3668 {ballatam
961 3607 1107 3668 coorta.

258 3723 381 3818 Longe
409 3723 517 3817 igitur
543 3722 665 3794 verius
685 3729 766 3794 ante
796 3742 851 3793 me
869 3720 966 3817 Prav·
992 3721 1041 3812 ὅ),
1070 3731 1106 3794 et
1116 3717 1286 3796 Kalamon
1315 3721 1350 3813 ¹¹)

185 3893 212 4022 ll
231 3895 310 4019 libb]
328 3893 372 4016 bb.
390 3993 424 4004 -.
443 3963 521 4018 ram.
540 3962 584 4017 ao.
602 3991 636 4004 -
656 3961 732 4016 rua
751 3959 797 4013 aa.

186 4037 210 4092 ο)
230 4037 272 4087 Aa
289 4032 433 4156 ”blm
452 4036 536 4101 integ.
556 4035 630 4100 vulg.
646 4031 805 4086 Kavacbicb
822 4029 902 4084 vost.
918 4031 1013 4085 Gemit
1030 4047 1055 4100 p.
1068 4033 1130 4086 att.

185 4104 212 4170 d)
233 4103 284 4158 cit.
305 4109 320 4158 1
359 4105 445 4160 6.10.

185 4181 211 4239 e)
231 4176 282 4230 oa.
302 4173 381 4231 ruat.
402 4175 444 4227 ιο.
462 4173 486 4240 a.
507 4175 531 4226 1.

186 4249 216 4315 r)
234 4247 265 4298 r.
282 4247 317 4298 u.
336 4251 366 4297 a.
387 4242 431 4299 14.

186 4329 214 4379 a)
232 4318 281 4382 Op.
299 4316 343 4367 cit
362 4315 390 4366 in
408 4317 464 4366 not.
483 4326 575 4380 praev.
596 4312 626 4365 Ρ.
644 4311 669 4363 2.
689 4323 713 4375 p.
732 4303 804 4360 XlX.
963 4365 965 4370 ,

184 4387 214 4460 ¹¹)
232 4388 323 4441 lnatlt.
339 4387 400 4440 lar.
416 4383 491 4440 Prlv.
509 4383 567 4437 bib.
586 4383 613 4438 2.
631 4381 696 4447 cap.
715 4379 761 4433 lV.
779 4392 805 4445 p.
824 4377 885 4434 669.
948 4395 960 4415 ¹=
