3158 4864
549 446 677 517 Aurea
702 326 879 518 {collalto
904 439 1028 516 Balla.

294 569 450 642 Eandem
486 566 581 638 Juris
614 569 867 664 proprietatem
907 588 1014 636 aurea
1042 565 1142 638 Bulla
1181 575 1217 646 in
1255 596 1392 672 seque-

193 676 263 748 lam
288 671 475 759 libertatis,
504 691 524 738 a
552 667 588 744 S.
615 667 717 761 Rege
737 689 945 759 concessae,
977 666 1112 760 verbis,
1149 674 1273 764 quibus
1304 675 1390 749 nihil

196 779 328 873 opponi
361 775 498 868 possit,
543 769 718 841 decernit:
759 771 791 860 ⁸)
841 768 910 862 ,si
956 772 1058 863 quis
1085 808 1138 824 -
1164 781 1284 849 statuit
1330 779 1391 850 illa

197 874 527 976 „-Servicns
556 873 656 944 sine
692 870 805 943 lilio
841 869 1138 965 decesserit,
1178 889 1393 974 quartam

195 1006 241 1080 ,p
253 1003 274 1054 o
287 1000 303 1050 s
316 999 333 1052 s
346 999 365 1048 e
378 978 557 1048 ssionis
575 1013 627 1026 -
645 995 709 1046 seu
729 971 963 1069 quartalitium
979 1009 1031 1025 ·-
1049 996 1070 1044 e
1088 974 1190 1052 bonis
1209 1003 1274 1076 pro
1293 1003 1393 1052 mas-

196 1083 336 1178 ,culinc
376 1099 466 1152 sexu
502 1073 639 1149 donatis
667 1086 803 1170 partem
827 1111 879 1128 -
916 1073 1021 1145 filia
1056 1076 1294 1173 obtineat,
1340 1083 1393 1154 de

197 1179 411 1278 ,residue
441 1183 563 1252 sicut
589 1177 813 1267 voluerit,
842 1176 1084 1274 disponat,
1113 1190 1157 1255 et
1185 1189 1225 1256 si
1251 1194 1390 1256 morto

197 1289 497 1388 ,praeventus
526 1280 768 1376 disponere
795 1299 879 1349 non
902 1282 1118 1372 potuerit,
1147 1289 1390 1381 propingui

197 1393 314 1484 ,sui,
351 1387 553 1484 quicum
587 1383 737 1475 magis
775 1383 1085 1471 contingunt,
1122 1385 1389 1478 obtineant,

197 1500 268 1586 ,ct
293 1493 332 1563 si
358 1485 528 1559 nullam
554 1488 748 1580 penitus
775 1486 1135 1576 generationem
1161 1486 1391 1578 habuerit,

198 1595 319 1688 ,Rex
346 1587 598 1662 obtineat.“
627 1586 679 1658 Ita
707 1585 863 1655 Decreta
895 1580 1109 1676 sigismundi
1138 1585 1187 1678 ¹³),
1216 1599 1251 1660 et
1277 1588 1395 1662 Caroli

197 1696 257 1768 lIl.
290 1696 336 1785 ⁰),
365 1689 536 1763 debonis
564 1685 742 1760 Nobilium
770 1687 984 1756 mentionem
1014 1708 1092 1757 cum
1122 1687 1271 1781 faciunt,
1299 1693 1396 1788 pleni

199 1797 341 1870 dominii
367 1791 601 1887 expressione
630 1798 784 1860 utuntur.
832 1785 914 1858 Non
947 1789 1070 1860 mirum
1100 1791 1273 1886 proinde,
1302 1792 1398 1887 quod

198 1897 418 1971 Verbbczius
438 1895 578 1962 minime
597 1892 799 1963 adhaeserit
812 1889 1041 1986 proprietatis
1054 1893 1230 1968 vocabulo
1244 1895 1395 1968 dominia

200 1998 378 2072 Nobilium
404 1997 603 2089 exprimere
636 1989 682 2084 ⁶).

750 2194 759 2213 .
797 2143 880 2215 180.

466 2271 631 2364 Ipsaque
655 2141 918 2342 Deiectionem
945 2268 1096 2362 exempl
1118 2326 1126 2340 .

303 2395 448 2468 Praeter
481 2396 643 2490 superius
677 2393 816 2466 allatam
835 2394 906 2466 stili
925 2391 1141 2486 ¹formulam,
1170 2397 1399 2493 proprietatis

203 2497 437 2593 significatum
457 2496 655 2569 omnimode
682 2493 925 2586 exhibentem,
953 2500 1108 2592 ipsarum
1126 2498 1266 2570 tandem
1285 2499 1401 2572 dona-

205 2605 337 2674 tionum
359 2599 533 2693 exempla,
562 2607 610 2686 et,
629 2619 674 2669 ne
695 2619 833 2669 omnem
850 2597 1034 2672 brevitatis
1054 2622 1171 2671 curam
1191 2600 1401 2695 deposuisse

206 2725 345 2796 arguar,
372 2722 486 2796 pauca
506 2701 620 2771 solum
640 2719 687 2770 ex
705 2703 897 2770 innumeris
916 2699 986 2770 illis
1006 2700 1223 2792 subnotabo,
1251 2724 1400 2798 quaese

205 2803 287 2876 mihi
305 2808 340 2875 in
359 2805 436 2894 ejus
457 2799 758 2874 confirmationem
777 2800 944 2875 offerunt:
974 2802 1066 2895 quod
1080 2803 1251 2877 Ecclesiis
1274 2828 1401 2900 aeque,

207 2929 248 2977 ac
267 2904 492 2980 Secularibus
511 2925 583 2976 nen
600 2902 822 2994 uuiceutile,
843 2901 908 2976 sed
926 2905 1027 2978 simul
1038 2909 1265 2999 proprietatis
1282 2911 1400 2998 etiam,

208 3028 272 3078 seu
291 3006 459 3080 directum
485 3005 673 3080 dominium
700 3010 735 3078 in
764 3005 866 3080 bonis
895 3006 1033 3078 collatis
1058 3010 1179 3102 primis
1197 3009 1332 3103 adhuc,
1361 3032 1403 3082 ac

207 3107 501 3205 subsequentibus
520 3107 636 3204 Regni
653 3108 856 3204 Hungariae
876 3111 1007 3184 seculis
1031 3107 1208 3202 obtigerit.

733 3283 770 3369 §.
803 3285 886 3358 181.

467 3404 574 3483 Inde„
587 3430 612 3478 a
634 3413 771 3499 primis
797 3408 944 3482 secata
971 3415 1160 3483 contium.

311 3532 387 3604 Jarn
407 3553 426 3602 a
446 3529 553 3604 Gcisa
580 3532 680 3601 Duce
707 3529 743 3603 S.
774 3529 943 3625 Stephani
970 3530 1139 3602 Genitore
1158 3529 1284 3603 Comiti
1303 3534 1405 3603 Dec·-

210 3638 291 3709 datc
309 3673 361 3688 --
377 3644 520 3731 praeter
538 3634 645 3706 multa
662 3633 805 3705 loca-
817 3629 944 3704 Villam
962 3633 1049 3704 'lata
1068 3630 1215 3704 subinde
1231 3642 1407 3723 vocatam,

210 3743 258 3810 ita
276 3737 388 3808 fuisse
408 3736 570 3807 donatam
591 3744 659 3828 „ut
684 3746 919 3833 perpetue
948 3733 1303 3831 possidendam,
1332 3745 1407 3806 aut

213 3847 370 3930 „certe
398 3842 664 3935 cuicunque
700 3838 877 3926 vellet,
916 3838 1058 3910 alteri
1094 3835 1405 3924 vendendam,

212 3949 311 4032 ,aut
338 3944 496 4031 gratis
523 3961 603 4034 pro
631 3941 726 4012 Deo
754 3939 909 4014 libere
945 3939 1230 4029 donandam,
1268 3948 1312 4012 et
1338 3938 1406 4011 lc*

242 4109 267 4162 al
287 4109 364 4160 1222.
385 4107 409 4158 l.

241 4177 268 4230 u
288 4174 366 4227 reor.
384 4174 409 4242 5.
430 4177 471 4232 re.
491 4174 532 4230 su.
551 4183 578 4228 e
597 4179 639 4230 19.

244 4245 270 4308 ο)
288 4248 365 4301 1715.
384 4247 409 4297 9.
