3094 4868
1264 217 1336 304 221
1402 263 1404 267 ·

228 399 347 462 sionem
368 393 521 477 iaciebant
535 395 588 480 ⁸),
611 413 679 458 cum
703 395 870 458 Judieibus
892 395 1053 459 Nobilium
1076 384 1216 480 ejusdem
1239 395 1342 458 luisse
1380 427 1382 431 ’

220 483 364 548 instituti
387 485 536 562 putabant
560 484 717 564 Szegedy,
748 481 819 560 nel,
851 483 1010 564 Szaszlry,
1039 481 1205 562 atquibus
1228 481 1341 544 borum

226 571 404 650 opinionem
427 569 571 649 amplecti
602 570 704 630 visum
729 577 791 644 est3
823 577 854 628 at
883 569 1071 630 contrarium
1096 567 1232 630 ostendit
1255 567 1362 629 Kol-.

226 647 334 732 lucil),
359 675 419 716 non
444 655 542 728 enim,
574 662 607 715 ut
637 656 696 716 iste
728 655 787 714 rite
818 654 964 715 observat
995 675 1011 718 e
1040 655 1191 735 Regestro
1220 653 1337 734 Magno

223 741 444 815 Varadinensi‚
467 742 505 800 ad
530 741 611 818 quod
636 739 753 800 luridati
776 740 953 818 Scriptores
970 739 1170 818 potissimum
1188 757 1338 818 respexe-

167 821 175 847 ‘
225 835 309 903 runt,
332 825 381 887 vel
405 844 466 887 uno
490 825 628 904 exemplo
653 825 758 886 doceri
781 828 893 904 potest,
917 825 1036 886 Rilotos
1061 842 1171 887 causes
1193 825 1338 887 servien—

224 914 301 975 tium
324 911 493 992 regiorum,
516 911 585 972 sive
607 909 768 972 Nobilium
793 928 926 990 unquam
955 912 1152 992 cognovisse.

585 1209 590 1219 Ι
659 1101 695 1187 §.
726 1102 810 1174 702.

486 1275 700 1362 Summure’e
725 1286 978 1344 recensentur.

241 1444 379 1517 Summa
399 1443 614 1536 agendorum
633 1448 669 1516 in
688 1446 814 1538 quovis
827 1440 1001 1515 Comitatu
1018 1464 1084 1537 pro
1104 1444 1336 1534 uuiuscujus-

139 1567 208 1639 que
244 1551 452 1618 extensione
480 1545 650 1641 pluribus,
674 1546 898 1641 paucioribus
928 1546 1128 1635 ordinariis,
1157 1557 1192 1616 et
1218 1546 1333 1619 Vice-

137 1646 317 1719 Judicibus
336 1647 512 1719 Nobilium
531 1647 730 1736 admensis,
758 1651 794 1718 in
814 1647 1143 1718 determinationum
1170 1646 1333 1742 publica-

136 1770 225 1838 rum,
245 1759 303 1820 aut
322 1771 341 1819 a
360 1748 608 1843 Superioribus
628 1749 694 1821 sibi
721 1752 989 1821 commissorum
1009 1751 1222 1828 executione
1241 1771 1333 1821 con-

137 1854 240 1923 sistit.
268 1851 307 1922 ln
334 1851 452 1921 allicio
479 1862 667 1944 praeterea
685 1849 842 1940 Judicis,
870 1873 950 1922 nam
978 1859 1013 1920 et
1041 1872 1167 1922 causas
1197 1849 1336 1922 babue-

136 1961 218 2022 runt
254 1972 318 2024 suo
355 1950 492 2022 Judicio
529 1961 702 2047 tamquam
731 1955 865 2046 primae
894 1950 1085 2022 Instantius
1122 1955 1332 2043 assignatas.

136 2052 328 2123 Praeterea
346 2049 603 2142 vice-domiti,
630 2052 696 2124 hac
713 2055 749 2124 in
768 2051 925 2144 Sphaera
952 2054 1133 2141 versanti,
1161 2062 1334 2146 tamquam

137 2153 327 2244 Cojudiccs
347 2153 530 2225 adlaterati
549 2165 638 2226 sunt.
668 2155 701 2224 A
728 2175 796 2247 quo
817 2162 933 2223 autem
959 2163 1118 2246 tempore
1137 2152 1242 2246 Regii
1260 2154 1331 2225 ho·-

135 2259 273 2344 mines,
300 2254 466 2326 adlathia
489 2253 644 2330 Corvino
674 2276 739 2350 pro
768 2252 915 2346 singulis
940 2252 1170 2326 comitatibus
1198 2277 1277 2326 eum
1294 2259 1330 2328 in
1396 2305 1401 2310 -

137 2355 241 2429 linem
262 2360 464 2430 constituti
494 2359 548 2447 ⁰),
577 2356 699 2428 aboliti
736 2355 900 2445 fuerunt,
929 2352 1137 2450 cautumque
1173 2356 1259 2446 fuit,
1292 2366 1330 2430 ut

138 2456 286 2547 Comes,
314 2469 373 2530 aut
399 2455 658 2546 Viae-Comes,
687 2469 722 2530 et
739 2456 882 2529 ludices
901 2457 1078 2529 Nobilium
1096 2461 1132 2528 in
1150 2462 1237 2556 ipsis
1257 2457 1329 2533 Se-

137 2560 236 2631 dibus
254 2558 453 2630 Judiciariis
482 2559 618 2630 ludicia
646 2559 917 2648 administrare,
946 2559 1032 2630 alias
1060 2562 1329 2632 etiamexecu-

138 2664 255 2753 tiones
280 2658 493 2751 judiciales,
522 2664 599 2734 sive
630 2664 897 2732 commissiones
927 2660 1047 2732 lacere
1066 2671 1252 2733 teneantur
1282 2659 1329 2753 ἃ),

47 2762 50 2772 “
136 2761 179 2833 ad
197 2764 434 2854 integritatem
462 2762 599 2834 ferendi
626 2765 662 2835 in
689 2761 759 2834 hoc
785 2761 948 2835 tribunali
973 2762 1100 2834 Judicii
1127 2767 1329 2859 praesentia

134 2862 267 2934 Judicis
286 2861 463 2936 Nobilium
480 2868 686 2939 necessaria
708 2874 883 2938 evaserat.
913 2864 969 2935 Ad
994 2865 1083 2935 haec
1102 2864 1190 2936 adde
1209 2869 1329 2959 iuqui-

134 2965 281 3034 sitiones
314 2967 498 3057 politicas,
534 2977 570 3036 et
594 2965 780 3056 judiciales
816 2967 859 3037 ad
887 2965 1060 3061 publicam
1091 2990 1164 3039 non
1199 2971 1325 3057 minus,

135 3073 239 3157 atque
258 3066 475 3156 privatorum
495 3070 719 3138 securitatem
738 3067 1050 3154 manutenendam,
1078 3070 1114 3137 in
1140 3071 1324 3162 exemplo:

137 3168 189 3234 rei
209 3163 414 3259 pupillaris,
442 3166 522 3237 huic
550 3170 739 3240 eveniente
759 3189 841 3238 casu
867 3168 1090 3238 instantanee
1109 3191 1173 3262 per
1191 3168 1326 3241 luven-

136 3269 224 3336 taria
243 3266 504 3356 succurrendo,
532 3279 570 3362 et
597 3291 686 3363 quae
714 3280 794 3342 sunt
820 3268 978 3362 reliqua,
1004 3267 1085 3340 hinc
1103 3267 1322 3365 profluentia.

647 3498 681 3584 §.
712 3498 796 3578 703,
842 3523 848 3530 ·

506 3609 678 3736 Apsoda
691 3645 948 3720 duodenorum.

229 3816 287 3889 Ad
303 3817 393 3906 ista,
421 3837 511 3911 quae
538 3817 808 3906 recensuimus,
836 3818 904 3890 rite
933 3840 976 3890 ac
1005 3816 1162 3912 legitime
1190 3840 1323 3913 pross-

132 3918 269 4012 quenda
294 3929 477 4012 tamquam
511 3920 548 3991 in
580 3919 804 4009 Adiutorium
840 3923 1022 3995 constituti
1058 3931 1138 3995 suut
1164 3920 1323 3993 Jurati

157 4129 184 4196 ⁸)
204 4134 280 4186 1222.
301 4136 326 4186 o.

131 4215 133 4220 '
157 4216 185 4367 2))
203 4219 275 4355 lqls‘q.
294 4219 354 4355 gur.
373 4222 446 4286 publ.
464 4226 578 4278 duacen.
598 4225 631 4279 V.
651 4227 684 4278 ll.
702 4225 764 4280 Sec.
783 4225 829 4288 IV.
849 4225 878 4280 Ο.
896 4223 930 4277 V.
949 4239 976 4292 p.
995 4221 1038 4279 46.
1057 4231 1164 4291 etseq.

156 4316 168 4342 0
198 4308 211 4355 l
233 4307 248 4355 8
268 4341 276 4357 .
313 4341 319 4355 .

155 4385 182 4456 (¹)
203 4387 281 4450 1292.
300 4391 343 4444 oa.
