3124 4868
1263 281 1333 362 mo
1403 249 1405 254 ’

138 447 297 530 mittendi
327 453 426 548 Ὺ).
444 460 697 553 praerogativa
716 481 783 531 usu
802 450 963 531 diuturno
984 459 1250 533 numerosiores
1270 457 1334 530 sub

139 563 283 656 proprio
312 558 462 631 habendi
488 561 622 634 vexillo
651 561 867 659 probabilius
894 564 1051 634 accrevit
1080 559 1129 651 ¹³),
1157 559 1237 632 dum
1270 580 1336 629 re-

139 664 313 756 liquorum
338 664 440 752 juxta
469 664 618 735 candem
640 666 779 753 clavim,
807 668 1148 760 proportionemque
1174 660 1338 733 Comita-

142 775 197 836 tus
224 764 394 837 vexillum
421 771 521 859 sequi
549 766 790 861 obligarentur
820 768 863 858 ⁶).
893 766 950 837 Ad
976 787 1078 866 qua-m
1097 768 1336 862 posteriorem

142 867 290 940 subinde
327 888 449 940 omnes
476 871 499 938 ii
523 871 628 941 relati
665 878 768 957 sunt,
809 871 868 963 qui
898 869 1055 940 adminus
1086 869 1340 963 quinquaginta

140 970 286 1064 Equites
296 971 443 1041 rationo
468 990 612 1043 suorum
630 971 805 1054 bonorum
824 981 949 1042 tenero
965 974 1154 1064 nequirent
1184 967 1218 1059 dJ
1248 978 1284 1040 et
1302 969 1339 1038 in

141 1072 300 1143 ordinem
315 1070 491 1142 Beronum
511 1095 584 1145 non
603 1073 756 1146 fuissent
775 1073 900 1144 adsciti
930 1075 962 1164 ⁰)
975 1070 1050 1162 “b
1081 1070 1253 1158 Quoniam
1269 1091 1339 1140 au-

139 1184 210 1246 tem
228 1173 439 1245 Banderium
460 1178 634 1269 integrum
660 1175 956 1270 quadringentis,
994 1173 1145 1245 medium
1177 1173 1338 1243 ducentis

139 1278 264 1370 partim
301 1278 497 1367 armigeris,
534 1288 572 1349 ut
602 1279 664 1350 lex
687 1286 815 1363 vocat,
859 1279 984 1370 partim
1014 1278 1107 1349 levis
1137 1285 1337 1346 armaturae

141 1377 314 1472 equitibus
334 1377 518 1451 constabat
548 1377 597 1468 ἲ),
633 1401 772 1451 omnem
788 1377 898 1468 illum,
926 1400 1029 1471 quem
1058 1379 1192 1449 animus
1215 1381 1341 1448 inces-

142 1483 259 1568 serat,
298 1501 370 1550 non
406 1480 469 1552 sub
494 1480 628 1555 vexillo
667 1479 874 1569 Comitatus,
912 1479 977 1552 sed
1013 1501 1090 1550 curn
1117 1478 1338 1550 Banderiatis

141 1591 267 1676 gentes
288 1603 370 1654 suas
390 1584 601 1671 coadunare,
631 1581 851 1655 adminimum
885 1604 990 1652 unam
1021 1591 1182 1653 octavam
1210 1579 1342 1672 integri

141 1682 305 1754 banderii
323 1687 359 1756 in
387 1706 545 1780 campum
575 1685 757 1759 educendo
786 1705 907 1781 parem
928 1705 1010 1757 csse
1041 1686 1245 1779 oportuisse
1273 1681 1342 1751 hoc

142 1789 221 1881 ipso
244 1789 484 1882 consequitur.

186 1910 224 1993 i)
247 1909 317 1970 Non
351 1928 387 1970 ox
417 1929 497 1971 vano
529 1911 686 1990 suspicor,
715 1910 919 1991 hungaricam
952 1910 1030 1974 illud
1073 1905 1249 1990 „atomum
1283 1925 1343 1986 quo

233 1994 421 2056 valentiores
445 2002 555 2057 nostra
585 1997 684 2059 adbuc
714 2003 813 2056 aetate
836 1995 1098 2075 designabantur,
1128 1993 1166 2054 ab
1189 1992 1251 2054 ista
1274 2002 1344 2055 anta

230 2079 370 2158 reliquos
393 2081 602 2160 consurgendi
625 2080 814 2162 obligatione
832 2080 1023 2160 invaluiss03
1046 2084 1126 2146 banc
1141 2077 1223 2140 enirn
1239 2077 1346 2160 lingva

232 2165 400 2226 vernacula
422 2166 460 2227 ad
485 2166 636 2228 amussim
659 2166 816 2246 exprimit.
882 2191 885 2196 ·

166 2272 225 2356 aa)
247 2272 379 2336 Multam
397 2274 469 2337 istis
486 2273 584 2338 locem
601 2278 765 2378 affundupt
779 2283 977 2378 monumenta
997 2277 1035 2338 ab
1050 2284 1150 2378 aptato
1164 2275 1304 2340 Matbiae
1319 2276 1347 2337 l.

230 2359 534 2531 iszussotssoossgge
542 2362 809 2529 ppoqupqqqpbrr
824 2359 977 2446 Vastrgua
992 2362 1200 2426 (lomrtrcrum
1218 2381 1237 2424 a
1253 2361 1345 2425 nobas

662 2638 700 2724 §.
730 2640 816 2712 538.

604 2789 723 2860 Certis
748 2787 880 2860 Bomio.

178 3021 179 3024 Ἴ
251 2932 329 3003 Jam
347 2935 377 3006 si
394 2933 616 3007 revolvendo
646 2937 807 3006 iteratam
835 2955 912 3006 cam
941 2931 1256 3008 constitutionem:
1288 2945 1350 3027 „ut
1415 2953 1417 2960 ⁴

153 3035 375 3127 „quicunque
411 3035 641 3134 Dominorum
681 3057 866 3106 numerum
908 3038 1160 3129 quinquaginta
1194 3040 1349 3132 equitum

153 3155 248 3224 „non
267 3133 446 3223 babuerit,
474 3135 586 3206 subsit
611 3136 787 3207 Banderio
815 3136 976 3229 generali
995 3133 1213 3226 Comitatus,
1251 3147 1286 3207 et
1314 3140 1350 3208 in

153 3235 328 3328 „medium
362 3235 465 3336 hujus
493 3239 661 3332 pecunias
706 3234 943 3309 exercituales
973 3236 1058 3308 dare
1095 3246 1257 3308 teneatur
1287 3234 1348 3327 Ψ

152 3346 270 3410 mente
288 3337 393 3433 paulo
414 3342 591 3411 attentiori
611 3339 819 3436 expendam,
856 3339 951 3434 quod
977 3342 1126 3411 istorum
1154 3341 1350 3433 unusquis-

153 3462 222 3534 que
241 3449 373 3513 tantum
390 3441 535 3512 militem
554 3442 727 3514 educendi
744 3441 835 3514 haud
853 3444 1004 3536 incapax
1020 3444 1167 3538 proprio
1187 3440 1251 3514 sub
1278 3461 1351 3513 ve-

153 3542 240 3613 xillo
269 3544 485 3633 militaverit,
513 3545 663 3616 militare
683 3552 781 3616 certo
799 3546 977 3640 potuerit3
1004 3543 1100 3638 quod
1126 3564 1235 3638 porro
1255 3551 1350 3613 tem-

154 3664 256 3738 pore,
284 3667 354 3741 quo
373 3646 434 3718 vel
451 3649 601 3718 maxime
629 3647 803 3719 Banderia
830 3643 1021 3737 vigebant,
1058 3666 1123 3739 per
1148 3647 1352 3718 universam

156 3787 361 3804 *uda—nu

184 3850 210 3915 ⁸)
230 3852 403 3909 11502-
423 3855 499 3911 1492.
520 3860 562 3912 18.

186 3935 215 4002 ¹³)
233 3941 285 3994 cu.
304 3941 382 3998 1292.
401 3947 445 3998 21.
464 3951 492 3998 el
511 3945 589 4001 1298.
608 3947 652 3998 22.

186 4027 213 4093 ο)
233 4030 310 4080 1100.
332 4032 375 4084 21.
393 4028 417 4096 b.
437 4037 461 4087 1.

186 4109 214 4179 ἁ)
233 4117 310 4166 1538.
330 4117 372 4169 ra.

187 4197 213 4266 e)
234 4203 310 4254 raso.
330 4200 373 4253 bo.

188 4285 215 4350 f)
233 4284 310 4339 1292.
327 4289 370 4338 20.

188 4371 215 4430 a)
234 4375 264 4424 ln
284 4374 376 4437 specio
394 4369 472 4424 ¹459.
491 4373 533 4427 32.

188 4458 586 4524 mmm-mm

212 4528 255 4600 ll.
