3094 4868
1159 139 1162 144 ’
1272 197 1342 270 ree

232 358 333 440 palem
357 357 522 438 detegeret
544 358 672 424 Hosti
664 362 726 442 rpsi
756 375 830 430 erras
861 363 994 444 prodere
1017 358 1119 438 vires,
1142 360 1346 440 intentiones,
1410 353 1412 357 ’

235 455 281 508 et
279 439 441 508 consiliat
473 446 533 507 Sed
564 467 625 512 non
655 468 735 531 opus
766 457 813 512 est
837 449 869 510 in
891 469 925 511 re
955 448 1213 511 manifestissime
1236 449 1342 529 piures

232 531 370 595 rationes
394 550 566 612 recensere,
590 553 718 664 quarum
736 536 882 621 equidem
907 535 1077 618 permultae
1101 541 1279 620 supersunt

666 751 702 854 §·
722 685 816 828 635.
848 793 855 820 -,

540 901 699 975 Uberius
718 901 941 995 eapte‘eatur.

249 1048 354 1121 Valet
371 1052 509 1146 itaque,
546 1049 641 1145 quod
677 1050 720 1120 de
756 1051 856 1142 regio
876 1048 1074 1120 Foederum
1100 1051 1185 1124 Jure
1215 1052 1343 1124 dictum

146 1151 223 1243 fuit,
252 1151 344 1246 apud
362 1174 428 1224 nos
447 1161 624 1247 utcunque
644 1151 686 1223 de
704 1152 790 1224 Jure
809 1174 950 1246 queque
968 1151 1070 1223 Belli.
1091 1152 1239 1240 Quoties
1261 1153 1343 1225 bel-

143 1255 213 1326 lum
237 1256 347 1346 regiis
366 1259 471 1326 unice
492 1254 660 1326 sumtibus
681 1265 785 1326 extra·
800 1253 961 1347 Regnum
982 1253 1202 1344 movebatur,
1236 1255 1344 1326 Prin-

146 1361 243 1452 cipes
262 1361 376 1426 nostri
405 1379 580 1450 nunquam
599 1377 640 1428 se
672 1355 906 1428 crediderunt
923 1354 967 1426 ad
994 1377 1206 1429 consensum
1233 1357 1342 1428 Ordi-

145 1483 225 1530 num
244 1461 442 1530 restrictos.
458 1457 547 1529 .Hoc
566 1461 690 1552 magis,
718 1481 795 1530 eum
814 1457 1041 1530 Monarchiae
1073 1481 1120 1530 ex
1147 1461 1342 1552 improviso

144 1563 277 1650 illatum
299 1563 404 1632 armis
425 1559 669 1655 depellendum
690 1570 765 1632 erat
796 1561 841 1650 Ἃ)
869 1569 996 1632 testem
1024 1561 1140 1655 a'peile
1170 1561 1342 1633 bellorum

146 1643 341 1760 aRegihus
360 1662 561 1756 Hungariae
579 1672 779 1756 gestorum,
809 1673 844 1734 et
872 1665 1033 1734 initurum
1061 1661 1342 1757 pacificationum
1435 1691 1437 1696 ·
1506 1653 1508 1658 ’

146 1765 328 1837 historiam
346 1774 414 1836 tam
438 1775 500 1837 vet
503 1786 610 1855 erem,
640 1788 742 1861 quam
760 1766 1007 1836 recentiorem
1037 1763 1082 1836 Ut
1110 1769 1258 1861 primum
1284 1777 1343 1837 ta-

144 1891 226 1940 men
245 1889 291 1937 ex
309 1877 408 1960 parte
426 1867 541 1958 Regni
562 1867 715 1938 subsidia
744 1870 981 1961 requiruntur,
1010 1887 1075 1938 seu
1092 1869 1128 1937 in
1148 1889 1245 1956 aere,
1266 1871 1342 1940 sive

147 1973 184 2041 iu
202 1967 400 2062 tyronibus,
430 1977 488 2037 aut
507 1969 748 2062 cujuscunque
776 1967 916 2038 tandem
945 1971 1089 2060 generis
1115 1969 1340 2062 praestanda,

145 2069 206 2144 uel
225 2068 340 2162 Regni
358 2069 603 2156 insurrectio,
615 2078 784 2139 tractatus
805 2068 974 2139 diaetales
997 2089 1150 2165 semper,
1169 2071 1342 2163 quemad-

143 2171 283 2244 modum
302 2170 383 2243 alibi
402 2169 530 2241 ductum
547 2169 631 2257 furt
656 2171 808 2264 (399)
799 2146 968 2243 memisse
992 2169 1110 2241 locum
1137 2175 1341 2264 sortiuntur,
1413 2229 1415 2236 ,

144 2284 199 2348 est
218 2293 382 2364 necesse,
419 2295 544 2345 verum
569 2271 661 2345 hunc
685 2275 847 2368 praecise
875 2275 1016 2346 omnino
1052 2277 1088 2344 in
1118 2294 1276 2369 scopum,
1289 2277 1344 2345 ut

143 2400 268 2475 nempe
287 2377 471 2473 proposita
489 2378 724 2465 necessitate,
762 2375 892 2449 oblatio
921 2398 968 2448 ex
993 2384 1095 2476 parte
1120 2375 1342 2472 Regnicola-

143 2503 220 2552 rum
234 2483 307 2569 uia,
335 2478 510 2574 modoque
528 2478 636 2572 legali
654 2481 863 2575 impetretur
893 2477 939 2570 l’).

668 2684 704 2769 §.
733 2685 819 2758 636.

427 2837 487 2907 De
508 2847 698 2927 potestate
719 2856 857 2928 pacem
883 2835 1045 2910 ineundi.
1096 2933 1101 2940 ,

246 2985 341 3056 idem
361 2984 510 3078 denique
539 2984 583 3055 de
601 3007 690 3080 pace
716 2985 935 3056 conficienda
962 2987 1181 3059 sentiendum
1202 2997 1256 3060 est
1276 3011 1341 3058 ca-

90 3097 97 3102 ’
145 3110 220 3161 sum
238 3090 273 3158 in
292 3087 409 3173 iilum,
438 3084 575 3181 quando
591 3087 710 3175 justae
727 3086 844 3178 Regni
861 3091 1128 3180 praetensioni,
1156 3089 1217 3160 vei
1246 3088 1340 3160 Pre-

141 3194 281 3262 vinciae
309 3188 353 3258 ad
377 3187 590 3280 Hungariam
609 3191 798 3282 pertinenti
824 3189 1099 3261 renunciandum
1127 3200 1238 3280 esset,
1257 3193 1338 3281 nisi,

24 3335 26 3338 v
144 3298 201 3386 qui
219 3291 424 3387 plerumque
444 3309 548 3361 casus
568 3310 649 3362 csse
676 3289 791 3378 solet,
821 3299 979 3374 extrema
1007 3291 1147 3364 Patriae
1172 3293 1339 3364 necessi-

143 3405 197 3467 tas
216 3393 372 3466 adalind
391 3401 506 3488 cogat.
535 3391 620 3476 Quis
641 3392 769 3464 etenim
794 3392 1014 3489 Principum,
1043 3397 1111 3466 uisi
1139 3415 1225 3467 suae
1245 3395 1340 3466 obli-

143 3500 295 3590 gationis
322 3498 526 3584 immemor,
555 3502 591 3564 et
619 3498 773 3565 incurius
792 3499 928 3590 proprii
947 3499 1002 3568 sui
1031 3496 1227 3588 commodi,
1255 3498 1340 3590 glo-

141 3603 236 3687 riee,
266 3607 302 3669 et
322 3601 511 3692 potestatis
530 3595 646 3686 ieret,
675 3599 762 3666 citra
791 3597 881 3668 hanc
899 3603 1096 3670 extremam
1113 3601 1275 3693 inquam,
1306 3609 1341 3671 et

142 3699 381 3774 ineuitabilem
399 3700 650 3772 necessitatem
669 3718 769 3770 suum
787 3701 961 3772 truncabit
979 3702 1079 3794 ipse,
1108 3713 1167 3773 aut
1185 3705 1340 3774 truncari

140 3807 235 3879 ¹sinet
251 3803 449 3898 Imperium.
477 3800 627 3894 Insuper
655 3802 768 3872 relate
796 3800 841 3872 ed
868 3824 993 3897 pacem
1012 3803 1228 3877 condendum
1255 3806 1340 3880 eui-

143 3915 229 4000 gunt
245 3908 347 3998 leges
378 3906 439 3995 ⁰),
465 3913 503 3974 ut
529 3902 588 3974 ilia
615 3905 862 3978 cumconsilio
893 3905 1138 3999 Hungerorum
1156 3906 1339 3998 tractetur,

171 4142 196 4198 ε)
216 4139 293 4191 eoos.
311 4113 550 4190 ιιι-1615111.
568 4123 654 4188 ecee.

169 4225 195 4291 ιι)
217 4225 483 4348 15790.i1{12—}792.
500 4225 523 4275 6.
539 4249 572 4270 .-
593 4225 668 4278 1796.
685 4227 710 4278 2.
735 4251 760 4264 -
782 4229 858 4280 1802.
880 4231 902 4283 1.
926 4258 955 4267 -
977 4229 1054 4282 1867.
1076 4231 1099 4283 1.
1116 4233 1143 4282 et
1161 4231 1186 4283 2.
1204 4245 1241 4264 ···
1262 4227 1338 4284 1866·

171 4382 195 4451 e)
217 4384 293 4438 1681.
309 4379 334 4450 i.
352 4389 381 4437 et
394 4383 462 4438 aliae
475 4382 511 4437 ibt
523 4385 597 4444 citet.
614 4381 690 4440 etto.
708 4365 751 4439 41ss
