3138 4858
1285 223 1361 300 215

166 393 235 468 nisi
264 389 530 484 condominam,
550 394 642 470 'sive
667 401 707 468 nt
735 415 814 467 eum
840 394 955 468 nostri
987 389 1153 468 forenses
1179 393 1362 466 nominare

168 495 306 585 solent,
324 516 680 592 compossessorem
701 497 761 570 vel
782 495 827 567 ob
847 493 957 570 trinas
981 493 1061 569 illas
1079 496 1251 585 rationes,
1272 518 1363 591 quse
1383 561 1389 574 ,

166 596 289 673 valent
308 601 412 670 etiam
434 598 478 670 ad
495 597 704 692 abigendum
725 595 902 687 colonum,
922 609 1026 690 puta:
1055 599 1087 671 ei
1109 594 1362 692 explendarum

168 698 420 792 obligationum
450 720 591 771 suarum
614 699 801 772 manifeste
830 701 876 772 sit
897 701 1030 794 impar,
1055 698 1118 774 vel
1137 722 1157 770 a
1177 701 1359 792 gravibus,

168 811 204 872 et
221 799 361 895 publico
390 803 602 897 perniciosis
623 799 857 890 excessibus,
896 799 958 874 vel
977 801 1020 874 ab
1048 802 1174 874 iterata
1199 803 1362 875 reniten-

169 905 216 975 tia
234 902 387 974 Domino
414 924 478 976 suo
505 904 672 978 damnosa
696 912 856 989 notetur,
884 911 944 976 aut
966 905 997 974 si
1028 923 1097 974 neo
1126 904 1360 996 comparanda

166 1007 282 1076 sessio
302 1025 483 1077 numerum
501 1015 665 1102 superet,
692 1004 784 1078 ultra
808 1025 911 1098 quem
931 1007 1081 1092 nemini,
1108 1005 1178 1075 nisi
1196 1004 1256 1075 ubi
1275 1024 1361 1076 usus

165 1103 335 1178 hactenus
359 1104 487 1178 fuisset
515 1109 731 1197 contrarius,
765 1109 801 1178 in
832 1105 956 1177 cadem
982 1107 1227 1177 communitate
1256 1105 1361 1178 talem

167 1207 232 1278 sibi
252 1227 458 1301 comparare
476 1207 665 1282 admissum
683 1219 760 1298 est,
786 1207 892 1301 idque
913 1205 1007 1278 illam
1022 1209 1186 1301 praecise
1204 1205 1250 1278 ob
1270 1229 1361 1278 cau-

165 1329 258 1397 sam,
291 1330 338 1381 ne
356 1313 460 1382 nimia
483 1314 709 1384 coacervatio
730 1319 930 1381 tenatorum
954 1308 1202 1401 agricolarium
1220 1309 1256 1380 in
1281 1328 1361 1379 ma-

165 1409 265 1481 nibus
285 1432 477 1507 paucorum
494 1414 602 1484 noxia
622 1411 782 1506 privatis,
794 1408 1012 1505 publicisque
1031 1407 1238 1498 rationibus,
1255 1418 1360 1501 atque

165 1513 303 1586 inimica
325 1510 463 1586 evadat.
1399 1530 1402 1537 ·

712 1707 720 1722 .
750 1654 835 1728 310.

461 1778 651 1870 Plenaque
678 1653 845 1851 {orandi
862 1777 1057 1870 facultate.

266 1901 393 1988 Aliud,
421 1900 515 1994 quod
534 1910 757 1988 accesserat,
786 1900 889 1989 hujus
917 1901 1061 1992 generis
1088 1899 1296 1974 beneficium
1322 1903 1358 1974 in

165 2023 210 2074 eo
242 2003 426 2087 consistit,
452 1999 547 2092 quod
580 2021 658 2072 cnm
686 1997 834 2087 subditi,
862 2003 942 2091 quia
969 2001 1005 2070 in
1031 1999 1210 2091 Hungaria
1243 2001 1358 2092 alteri,
1480 2016 1484 2024 ’

165 2101 248 2173 alibi
276 2110 426 2190 usuato,
452 2103 636 2171 mortuarii
668 2101 769 2171 oneri
794 2119 866 2170 non
895 2096 1145 2189 subjacebant,
1182 2099 1225 2169 de
1253 2105 1358 2177 avitis

163 2200 398 2304 immobilibus
426 2199 543 2272 lundis
565 2200 659 2273 nulla
682 2203 737 2274 sui
770 2209 885 2294 parte,
913 2201 956 2272 de
986 2202 1145 2294 aquisitis
1172 2221 1262 2274 vero
1287 2205 1358 2273 im-

163 2303 315 2378 mediate
349 2301 536 2391 duntaxat,
573 2301 715 2374 deiectu
744 2300 980 2396 legitimorum
1014 2301 1204 2393 haeredum
1236 2323 1358 2383 emer—

164 2415 294 2498 gente,
321 2406 445 2476 mortis
478 2422 586 2474 causa
618 2402 809 2498 disponere
837 2403 1058 2492 valuissent,
1086 2403 1253 2498 deinceps
1275 2427 1358 2478 mo·-

163 2504 275 2594 biles,
291 2514 395 2598 atque
417 2502 613 2576 immobiles
631 2503 818 2578 facultates
836 2526 919 2578 suas
935 2507 1123 2581 universas
1144 2501 1358 2596 abalienare,

164 2611 229 2680 sno
251 2626 297 2678 ex
315 2604 472 2694 arbitrio,
491 2615 539 2694 et,
551 2608 607 2676 eui
626 2605 764 2695 volunt,
777 2616 988 2679 testamento
1009 2605 1211 2701 relinquere
1232 2610 1357 2680 sinan-

164 2716 230 2778 tur.
267 2707 331 2780 Jus
351 2709 470 2799 itaque
496 2706 721 2796 succedendi,
740 2705 889 2780 bncdum
906 2708 1058 2780 Domino
1084 2707 1282 2780 attributum
1312 2707 1362 2804 ⁸),

163 2811 268 2881 unice
283 2805 327 2878 ad
344 2807 502 2879 relictam
518 2806 748 2880 substantiam
762 2808 804 2880 ab
822 2810 991 2882 intestato
1009 2808 1252 2882 decedentium
1267 2809 1357 2882 aub-

165 2910 335 2997 ditorum,
373 2911 608 2999 necessariis,
634 2909 872 3004 legitimisque
899 2911 1167 2984 successoribus
1198 2910 1354 2984 destitu-

164 3020 300 3100 torum,
325 3008 527 3104 perlegam
546 3014 746 3084 restrictum
765 3013 893 3085 uisitur
923 3010 966 3108 l³).
1058 3093 1061 3100 ,

683 3159 720 3244 §.
749 3159 834 3232 311.

544 3275 549 3280 ’
654 3285 863 3370 Beneficiis.

265 3406 346 3479 Istis
365 3404 523 3479 omnibus
549 3407 616 3476 rita
635 3414 729 3477 lnler
747 3425 788 3477 se
806 3403 1031 3493 combinatis,
1060 3413 1172 3478 status
1192 3405 1355 3480 subdito-

162 3529 260 3598 rum,
295 3517 480 3601 antequam
508 3508 533 3577 ii
556 3504 598 3577 ab
638 3503 864 3578 urbalialibus
890 3505 1209 3599 praestationibus,
1238 3507 1356 3578 domi-

162 3608 303 3703 nalique
324 3607 572 3698 jurisdictione
587 3610 726 3701 penitus
749 3607 988 3695 solverentur,
1016 3605 1217 3678 recidebat:
1248 3607 1274 3678 l.
1297 3607 1355 3680 Ad

161 3709 308 3781 liberam
326 3709 497 3802 migrandi
514 3707 729 3797 facultatem,
750 3707 875 3782 debitis
894 3707 1076 3803 quibusvis
1091 3711 1239 3804 praevie
1253 3729 1355 3782 com-

162 3813 300 3905 positis.
313 3810 355 3881 ll.
376 3811 434 3883 Ad
451 3810 606 3883 Fundam
626 3811 887 3884 intrauillanum
905 3815 1008 3883 unius
1021 3812 1153 3902 jugeri,
1174 3821 1212 3882 et
1229 3823 1355 3883 extra-

161 3911 314 3984 villanos
333 3917 470 3984 ratione
491 3912 638 4006 glebae,
667 3915 846 4009 situsque,
875 3921 910 3983 et
927 3912 1144 4006 reliquorum
1165 3911 1355 4002 adjuncto-

160 4033 261 4102 rum,
287 4035 352 4107 per
377 4014 539 4106 Regnum
556 4017 788 4104 variantium,
816 4014 873 4085 bic
889 4016 1056 4105 majoris,
1084 4013 1182 4085 illinc
1208 4015 1354 4086 minoris
1480 4037 1484 4044 ·

162 4117 396 4205 extensionis,
424 4115 488 4187 sed
510 4115 639 4212 ubique
657 4119 745 4192 sorti
771 4127 1010 4210 congruenter
1030 4120 1066 4190 in
1088 4117 1199 4209 agris,
1229 4116 1354 4212 pratis,-

156 4239 367 4255 *ue—-

189 4283 574 4346 qnmmmmm·

188 4350 443 4418 qumana
