3138 4858
218 261 268 334 46

219 431 267 504 Αο
301 429 408 504 1792.
441 428 472 517 ·)
503 412 636 500 Gracci
650 425 751 502 Ritus
781 451 851 502 non
870 429 956 502 uniti
981 424 1177 525 Episcopi,
1206 426 1265 521 qui
1291 445 1414 498 omnes

218 533 365 604 immixti
382 531 512 604 nativis
533 528 754 621 Magnetibus
774 536 905 604 circum
923 553 1080 606 mensam
1106 529 1274 602 subsellia
1300 550 1414 600 oecu-

218 646 322 730 pant,
349 635 442 720 ista,
469 632 554 704 lieet
572 652 738 722 mensae,
767 634 944 730 sedesque
968 631 1128 707 nonnihil
1156 633 1279 721 aliter,
1307 642 1413 725 atque

218 742 315 832 prius
334 737 472 828 positae
491 732 644 822 fuerint,
672 736 848 830 utcunque
875 741 979 810 etiarn
1006 735 1176 808 hactenus
1196 733 1410 806 obtinebant.

220 837 440 910 Consiliariis
459 835 655 924 nobilibus,
685 837 809 930 quibus
834 840 896 912 lex
914 839 1072 911 ordinem
1090 839 1264 911 sessionis
1282 839 1319 907 in
1338 837 1413 906 Ta-

164 998 171 1014 .
217 940 297 1022 bula
316 937 507 1010 Procerum
531 937 750 1029 designavit,
776 939 879 1014 brevi
897 952 979 1036 post
1009 939 1201 1014 Consilium
1220 938 1412 1010 Locumte-

218 1041 373 1114 nentialc
400 1040 551 1133 Regium
581 1043 775 1130 successit,
816 1043 912 1136 quod
937 1044 1100 1138 quamdiu
1127 1043 1302 1136 perstitit,
1340 1061 1415 1110 non

218 1145 457 1216 intermiserat
476 1144 601 1236 quavis
621 1144 807 1234 ingruente
827 1144 974 1235 Diaeta,
1001 1147 1286 1241 praerogativam
1312 1146 1415 1214 istam

217 1267 265 1318 ex
284 1243 447 1337 analogia
465 1253 627 1316 veterum
645 1243 785 1316 illorum
803 1243 1115 1336 consiliariorum,
1135 1248 1208 1318 suis
1227 1267 1293 1341 pro
1313 1265 1414 1315 com-

215 1347 379 1420 membris
399 1369 419 1417 a
437 1343 551 1438 Regia
569 1344 758 1436 MaJestate
771 1349 853 1438 jure
873 1351 974 1444 qnasi
1002 1349 1210 1446 postliminii
1229 1357 1411 1445 expetere.

768 1603 775 1620 .
806 1553 827 1624 3
857 1554 891 1626 6.

481 1675 553 1758 Qui
570 1552 926 1747 raculaelstaclmm
944 1680 1149 1747 carmarita?

316 1820 462 1906 Altera,
490 1839 581 1913 qnae
610 1819 797 1914 aliquando
817 1819 976 1894 Statuam
993 1820 1133 1910 fuerat,
1162 1829 1198 1891 et
1223 1839 1315 1890 nunc
1333 1817 1412 1889 Re-

90 1933 92 1938 '
191 1922 514 2023 ¹praesentandum
549 1919 682 1994 Tabula
712 1921 825 2010 audit,
861 1923 969 2018 longe
999 1923 1103 1996 aliam
1129 1920 1257 1992 faciem
1289 1919 1412 2010 induit,

213 2023 341 2101 ibidem
376 2021 629 2096 antecedenter
656 2023 760 2113 loco,
787 2022 898 2097 tribus
927 2023 1093 2118 gradibus
1131 2022 1252 2112 edito,
1288 2032 1323 2094 et
1349 2044 1414 2116 per

216 2121 405 2220 Cancellos
425 2136 589 2222 separato
608 2179 619 2216 ,
648 2137 752 2221 caput
778 2148 924 2200 mensae
942 2125 1146 2201 Praesidem
1163 2125 1303 2196 illorum
1319 2122 1414 2196 Per-

215 2233 374 2306 sonalem
393 2227 622 2302 Praesentiae
641 2227 777 2322 Regiae
805 2231 842 2301 in
859 2227 1006 2300 ludiciis
1024 2228 1336 2300 Locumtenentem
1355 2225 1412 2296 la-
1540 2256 1545 2262 ·

214 2345 299 2408 tera·
320 2333 485 2424 utrinque
521 2327 854 2417 Vico-Palatinum,
900 2340 935 2400 ct
965 2328 1238 2401 Viae-dudicem
1269 2326 1409 2416 Curiae,

215 2435 407 2530 Magistros
425 2429 697 2502 Protonotarios
715 2430 832 2522 Regni
851 2423 1052 2521 Hungariae
1071 2440 1233 2526 quatuor,
1254 2441 1290 2504 et
1308 2451 1412 2500 unum

217 2533 406 2624 Oroatiae,
431 2541 619 2628 praeterea
648 2529 803 2602 Tabulae
827 2531 964 2626 Regiae
992 2533 1213 2605 Assessores
1244 2530 1278 2622 a)
1300 2553 1413 2604 occu-

214 2660 321 2736 passe
341 2635 616 2726 conspeximus,
639 2655 681 2703 ac
700 2632 850 2728 deniqne
869 2633 972 2708 binos
991 2633 1188 2727 Ablegatos
1206 2633 1412 2726 Regnorum

218 2738 403 2826 Oroatiae,
431 2733 649 2822 Dalmatiae,
679 2745 715 2806 et
741 2735 954 2810 Sclavoniac
986 2735 1017 2825 c)
1048 2733 1248 2828 egenerali
1274 2755 1411 2805 eorun-

217 2842 295 2914 dem
313 2837 600 2931 (longregatione
622 2839 821 2924 exmissos3
850 2858 953 2931 quem
977 2856 1180 2922 numerum,
1208 2833 1304 2905 nulla
1329 2835 1411 2925 lege

216 2939 414 3028 definitum,
441 2936 565 3010 Partes
585 2937 744 3010 adnexae
764 2961 812 3009 ex
838 2959 905 3010 usu
924 2936 1159 3009 observarunt
1175 2937 1412 3008 vetustiorum

214 3055 424 3139 temporum.
452 3038 700 3130 sclavoniam,
728 3062 830 3134 quam
861 3041 1030 3111 strictiori
1058 3039 1201 3109 nomine
1235 3035 1412 3109 Oroatiam

214 3143 319 3220 modo
350 3163 519 3217 vocamus
546 3139 637 3232 (9),
666 3162 733 3213 sex
761 3143 865 3214 etiarn
894 3138 1053 3214 Nuncios
1086 3137 1272 3233 aliqnando
1307 3138 1411 3211 dele-

216 3269 347 3341 gasse,
375 3254 497 3318 notum
516 3252 571 3313 est
602 3237 648 3332 d).
677 3242 809 3314 Verum
837 3242 1072 3331 sclavoniae,
1101 3242 1288 3337 quaejam
1306 3238 1410 3312 modo

216 3348 294 3422 sola
312 3347 381 3420 hoo
408 3365 538 3418 nomon
566 3341 730 3416 distinete
748 3345 915 3436 retinuit,
944 3341 1137 3417 Comitatus
1167 3354 1240 3416 tres
1259 3362 1411 3436 separa-

214 3461 271 3526 tos
304 3451 449 3544 insuper
479 3443 604 3516 eodem
635 3467 712 3517 curn
749 3445 902 3520 caeteris
940 3444 1141 3540 Hungariae
1182 3438 1418 3530 comitatibus

214 3573 337 3641 more,
365 3559 401 3626 et
428 3568 573 3622 numero
602 3543 646 3617 ad
663 3546 779 3640 Regni
797 3549 959 3622 Diaetam
983 3547 1139 3622 Nuntios
1159 3539 1407 3640 expediebant.

763 3764 771 3781 .
801 3713 885 3786 397.

452 3837 501 3910 Et
520 3857 594 3930 qao
615 3712 759 3909 ardrie}
767 3851 881 3908 antea
899 3838 1166 3930 interfuerint?

315 3981 460 4072 Menses
488 3991 591 4057 extra
619 3979 805 4058 Cancellos
834 3983 963 4080 triplici
991 3983 1086 4056 serie
1115 3979 1409 4055 collocatas-si

210 4112 411 4131 μ

244 4156 271 4224 υ)
290 4160 385 4222 ldlusd.
404 4158 465 4210 anni
483 4164 533 4212 art.
549 4160 593 4212 10.
629 4143 630 4148 Ἰ

242 4245 272 4310 Β)
289 4247 351 4299 th.
370 4245 447 4298 1608.
467 4246 490 4297 1.
509 4259 535 4309 p.
554 4258 578 4297 c.
596 4240 675 4298 1617.
693 4240 753 4297 101.
773 4249 802 4296 et
823 4243 899 4296 1662.
919 4243 960 4295 52.
982 4262 986 4270 ·

244 4334 271 4396 θ)
288 4333 337 4385 Slo
353 4346 404 4384 aaa
419 4331 565 4398 compellat
584 4333 661 4384 1728.
680 4332 707 4386 ’7.

218 4457 220 4462 ,
243 4414 272 4484 ¹)
289 4417 449 4472 novaculae
463 4417 492 4472 ln
506 4417 586 4470 vost.
604 4416 703 4471 comit.
720 4416 845 4469 Decreta
865 4417 900 4471 de
916 4417 995 4470 Anno
1011 4407 1089 4470 illi·
1105 4424 1129 4479 p.
1146 4410 1208 4469 265.
1223 4413 1251 4464 at
1264 4419 1323 4474 aaa.
