3138 4858
1291 241 1354 336 x59

32 438 34 443 '
156 429 286 504 bertoti
305 425 620 526 assequendacque
639 413 779 498 mutuae
807 424 988 499 coalitioni
1016 428 1129 522 magis
1155 428 1352 501 inimicum:

156 534 241 605 nihil
260 527 410 630 proinde
430 529 548 611 fallaci
565 527 633 602 hoc
650 531 776 600 toxico
800 532 916 620 aptius
936 529 980 600 ad
998 527 1172 602 factiones
1192 527 1349 619 ciendae,

156 632 435 730 quod-lugubris
477 633 698 727 experientia
726 629 868 719 docuit,
912 629 998 721 nihil
1029 636 1134 703 etiam
1169 631 1354 728 adipsum

156 748 313 836 systema
333 735 595 809 constitutionis
613 732 830 828 pedetentim
850 730 1120 842 suffodiendum

199 886 238 972 i)
263 884 415 967 Apposite
437 883 470 946 in
492 889 633 945 nostram
664 857 848 944 seutentiam
878 889 950 963 post
980 882 1096 946 multos
1119 882 1225 946 Polior
1247 889 1356 945 auctor

111 1056 114 1060 ·
243 967 1355 1136 “sllll“sttt‘lttsatteitttt‘tt‘tttttlltt

244 1060 489 1229 bbpptcttgen,
507 1141 741 1238 ccgcorepicpec,
766 1142 827 1207 cub
849 1127 899 1222 let
920 1140 981 1234 ipre
1005 1139 1189 1224 cultollig
1214 1073 1355 1225 geiissubecss

243 1240 291 1299 teo
314 1230 520 1312 ilicinongeo,
544 1229 604 1293 nob
627 1226 756 1307 ventilet)
782 1225 983 1314 obgogebeoeo
1009 1230 1168 1296 etlumen
1193 1235 1355 1295 notescat

6 1331 12 1344 '
139 1347 155 1384 ι.
241 1317 409 1400 sterticen
433 1319 591 1382 Qecttetet
617 1313 684 1380 bct:
703 1312 882 1396 pelemusca
911 1315 1043 1397 ‘Belias'
1077 1315 1153 1379 teon
1186 1318 1236 1380 ott
1266 1311 1355 1396 lctdpe

131 1387 151 1468 Ὗ
241 1400 333 1484 loten
362 1402 398 1482 lie
422 1400 508 1484 bloi,
542 1393 724 1483 oob'c'iupig
758 1397 804 1466 bie
839 1395 1063 1482 courteous,
1100 1399 1270 1482 dttottong
1294 1399 1355 1465 cub

244 1489 478 1573 &perpetuus
501 1487 551 1554 bet
580 1487 707 1567 bledo,
740 1487 801 1552 oct
833 1487 884 1552 tec
914 1481 1074 1568 mbgltdpeo
1105 1482 1281 1565 issottfcttt
1303 1485 1357 1552 bet

133 1643 136 1654 ,
242 1576 476 1662 suspensores
499 1570 727 1656 tectosages,
751 1572 783 1639 ia
804 1570 900 1654 tollen
917 1574 1058 1654 molseo
1081 1569 1242 1656 uobbutd)
1259 1567 1356 1652 belles

246 1661 398 1761 {toilite
421 1659 552 1746 lptccbeo
579 1659 640 1726 aab
664 1657 803 1742 boebeis.

687 1848 725 1937 §.
753 1852 839 1923 417.

271 2041 278 2054 ·
396 1996 732 2072 [caesarianorum
759 1965 883 2088 tepore
908 2018 1104 2093 nequeunt.

262 2169 379 2267 Opere
409 2170 560 2267 pretium
579 2171 658 2258 erit,
678 2175 865 2266 postquam
884 2168 1117 2243 academicam
1135 2171 1226 2243 hano
1245 2189 1356 2242 exer-

80 2281 84 2290 '
157 2278 359 2349 citationem
376 2276 445 2370 ipsi
467 2272 768 2369 provocavimus,
807 2294 928 2368 aurern
956 2274 1244 2366 instructionibus
1276 2273 1353 2344 sine

75 2431 78 2438 .
158 2379 359 2452 discrimine
379 2379 450 2450 uim
470 2372 696 2467 obligativam
707 2396 873 2447 asserere
886 2374 1047 2448 sollicitis
1062 2381 1233 2475 tantisper
1243 2396 1354 2472 prae·
1447 2396 1449 2401 ·

146 2480 255 2570 bere,
285 2501 386 2574 quam
404 2498 516 2574 nuper
534 2477 647 2548 adhuc
666 2475 754 2548 adeo
773 2475 952 2571 perfracte
981 2477 1177 2551 tuebantur.
1205 2478 1354 2550 Praeci-

157 2604 261 2680 puum
279 2589 520 2672 argumentum
540 2601 559 2650 a
579 2601 768 2667 concursu,
797 2589 832 2650 et
851 2578 984 2650 influxu
1003 2583 1193 2654 universae
1212 2578 1354 2651 Nobili-

47 2713 51 2726 ·
157 2683 237 2783 talis
269 2682 349 2753 olim
368 2681 411 2753 ad
428 2681 544 2775 Regni
564 2689 760 2755 conventus
779 2679 974 2770 deducunt;
1002 2683 1149 2756 alterum
1169 2683 1208 2754 in'
1232 2681 1353 2756 verbis

107 2817 108 2820 ¹
157 2784 400 2857 nonnullarum
418 2784 549 2879 legum,
578 2804 668 2879 quae
687 2805 772 2854 mox
790 2782 938 2856 inferius
957 2783 1126 2876 adferam,
1155 2806 1201 2858 se·
1220 2782 1354 2880 depre-

156 2887 323 2960 hendisse
334 2875 555 2960 'existimant
575 2885 644 2958 Ast
662 2889 730 2957 etsi
740 2883 839 2957 obliti
856 2908 990 2976 eorum
1011 2909 1101 2982 quae
1118 2909 1224 2984 supra
1239 2883 1353 2979 (378)

119 3069 120 3072 ,
157 2987 476 3078 animadvertimus
503 2988 665 3060 daremus
684 2993 831 3061 remotis
851 2989 982 3062 seculis
1009 2995 1170 3084 quemvis
1189 2987 1353 3062 Nobilem

36 3185 37 3188 Ἴ
156 3092 200 3166 ad
218 3089 356 3186 singula
376 3111 517 3184 semper
535 3092 689 3179 comitia,
710 3091 901 3185 etquidem
922 3115 999 3162 curn
1013 3093 1095 3181 jure
1116 3091 1273 3183 suffragii
1294 3093 1354 3161 in-

155 3197 371 3280 tervenisse;
389 3213 470 3269 nuru
488 3211 636 3287 quaeso,
655 3191 751 3286 quod
762 3194 954 3285 singularia
971 3192 1150 3266 individua
1166 3191 1351 3288 aliquando

157 3317 275 3372 coram
293 3297 500 3388 exercuisse
518 3290 772 3391 praetenditur,
800 3294 892 3368 idem
910 3303 1040 3367 mutata
1060 3318 1106 3367 ex
1132 3298 1272 3388 integro
1292 3292 1352 3364 la·-

156 3405 211 3474 cie
230 3385 455 3493 generalibus
476 3392 707 3468 Comitatuum
727 3393 1086 3492 Congregationibus‚
1116 3408 1352 3489 votorumque

155 3502 282 3576 ibidem
311 3501 551 3594 praesentium
579 3501 711 3593 potiori
745 3505 861 3594 parti,
897 3521 989 3573 aevo
1018 3501 1148 3572 seculis
1185 3499 1353 3586 tardiore,

157 3611 361 3702 competere
386 3599 654 3695 consequetur?
681 3598 753 3671 Aut
781 3604 862 3695 quia
880 3599 1064 3672 Nobilibus
1087 3599 1354 3693 cognoscendo,

157 3703 397 3793 deliberando,
426 3703 622 3790 tractando
651 3700 802 3796 denique
822 3705 1012 3775 conventui
1031 3706 1249 3778 intervenire
1268 3704 1353 3773 uni-

154 3814 272 3884 versis
298 3806 509 3904 quandoque
539 3805 655 3893 licuit,
700 3803 768 3876 hoc
796 3808 911 3902 ipsum
945 3827 1100 3901 peregre
1134 3805 1351 3892 absentibus,

156 3933 271 4005 neque
288 3918 424 4006 partem
442 3909 478 3978 in
506 3910 582 4002 ipsa
594 3907 817 3979 discussione
846 3909 1088 4003 capientibus,
1117 3912 1193 4003 pari
1221 3917 1353 3978 exten-

157 4018 259 4106 sione
282 4013 443 4082 relictum
461 4008 587 4097 fuisse,
607 4019 643 4080 et
662 4013 750 4080 citra
769 4032 913 4082 enorme
932 4013 1101 4105 temporis
1122 4010 1353 4105 dispendium,

157 4119 235 4188 sine
261 4119 384 4211 aperto
414 4131 590 4210 persaepe
617 4111 835 4209 reipublicae
865 4112 1065 4184 discrimine
1094 4116 1230 4206 (neque
1261 4115 1354 4186 eninr

155 4218 299 4312 negotia
327 4214 481 4302 diversa,
511 4236 599 4307 quae
620 4212 766 4304 subinde
787 4235 833 4286 ex
861 4217 1057 4309 improviso
1077 4215 1245 4304 incidunt,
1271 4235 1353 4286 mo-

148 4357 361 4374 *ιι-..Π-

184 4425 211 4496 ι)
229 4429 289 4486 vu.
308 4429 405 4497 nsum
422 4425 717 4510 etcotoaetlsepecpeo
735 4430 768 4490 to
779 4425 855 4502 stete
871 4427 964 4500 aclea
977 4425 1041 4500 sat
1057 4433 1088 4488 r.
1107 4435 1127 4489 ι
1144 4446 1168 4501 ιι.
1186 4429 1248 4489 am.
1285 4507 1287 4514 Ι
1353 4445 1354 4452 ¹
