3158 4864
717 510 725 528 .
755 460 842 534 274.

450 583 645 660 Nobilitas
663 457 855 676 qdomodo
874 589 1065 658 intereat?

172 793 176 800 Ι
258 707 402 783 Familia
428 707 583 783 nondum
620 710 816 798 exstincta,
854 718 970 781 utrum
998 707 1173 784 Nobilitas
1200 715 1354 786 intereat

157 812 449 900 renunciatione,
477 810 538 881 vel
567 808 611 880 ob
644 813 777 881 crimen
806 812 1056 884 commissum?
1089 811 1276 907 aliquando
1295 814 1355 885 di-

160 922 362 1009 sceptatum,
382 912 495 986 fuisse
522 909 706 983 recordor.
742 911 871 1002 Erant,
901 915 960 1007 qui
984 911 1130 986 liberum
1160 918 1356 988 renuncia-

159 1017 292 1088 tionem
310 1014 424 1088 Patris
443 1011 601 1111 prolibus
621 1012 789 1085 duntaxat
807 1016 982 1087 antenatis
1002 1014 1087 1088 nihil
1110 1017 1269 1106 officere,
1287 1019 1357 1090 nisi

160 1121 315 1192 scientes
347 1119 435 1212 ipsi,
470 1114 708 1210 volentesque
739 1119 1034 1206 consensissent,
1060 1118 1165 1212 idque
1194 1121 1357 1212 magiae

161 1223 338 1294 sententia
357 1227 559 1292 exterorum
576 1215 916 1291 iurisconsultorum
946 1220 988 1309 ⁸),
1009 1219 1251 1292 defenderant.
1286 1219 1357 1296 Ast

158 1321 242 1394 mihi
271 1309 456 1419 §reovalet
484 1318 757 1391 domesticorum
790 1321 968 1392 contraria
987 1322 1107 1415 opinio
1138 1319 1185 1411 lb).
1213 1320 1358 1393 Nobili-

158 1435 213 1497 tas
249 1427 379 1496 etenim
403 1424 462 1512 jus
491 1419 682 1519 personale
719 1420 874 1493 attribuit
901 1443 974 1494 non
1000 1424 1201 1516 impetranti
1239 1425 1359 1513 unice,

158 1547 283 1601 verum
303 1527 381 1618 ejus
401 1527 506 1596 etiam
524 1521 758 1613 haeredibus,
786 1543 877 1617 quos
896 1522 1001 1595 Pater
1028 1544 1075 1594 ne
1101 1522 1256 1596 realibus
1276 1527 1359 1619 qui-

160 1629 239 1700 dem
267 1631 372 1700 avitis
400 1624 536 1717 juribus
564 1647 642 1697 cum
668 1624 887 1721 praejudicio
918 1628 1187 1720 inperpetuum
1213 1629 1358 1720 privare

160 1739 290 1826 potest.
309 1767 362 1782 --
378 1727 451 1804 Sed
469 1730 701 1821 emigratione
719 1727 805 1798 Jura
825 1724 1008 1816 Civitatis,
1027 1724 1189 1821 adeoque
1207 1728 1359 1799 Patriam

163 1830 375 1920 deserendo,
392 1831 530 1902 Patriae
541 1828 769 1901 Nobilitatem
789 1830 910 1918 amitti,
927 1831 1049 1901 verius
1069 1839 1135 1900 est.
1155 1828 1209 1900 De
1229 1829 1357 1925 ellectu

161 1935 299 2032 paterni
319 1932 473 2004 criminis
500 1933 639 2000 rationo
669 1933 901 2002 innocuorum
927 1928 1141 2019 liberorum,
1177 1932 1272 2003 clara
1304 1939 1361 2003 est

160 2036 254 2127 legis
293 2032 479 2126 dispositio
510 2029 562 2120 ⁶),
596 2051 686 2121 quae
715 2031 943 2101 amissionem
968 2029 1143 2100 bonorum
1170 2030 1216 2102 ad
1248 2041 1361 2103 ratam

163 2137 278 2209 solum
307 2130 543 2225 delinquentis
581 2130 786 2223 restringit,
824 2128 1078 2202 undeliberos
1118 2150 1196 2200 cum
1222 2131 1360 2225 reliqua

162 2237 341 2309 Bonorum
379 2235 554 2305 avitorum
589 2240 690 2326 parte
725 2229 927 2304 Nobilitatis
961 2230 1153 2323 Privilegia
1188 2235 1360 2324 retinere,

165 2346 292 2435 sponte
311 2335 551 2428 consequitur.
573 2333 640 2419 Qui
657 2354 747 2408 vero
768 2337 845 2428 ipse
865 2336 998 2406 crimen
1017 2336 1053 2404 in
1071 2333 1265 2429 perniciem
1284 2335 1363 2406 Re-

165 2444 242 2532 gis,
271 2448 329 2510 aut
355 2437 495 2507 Patriae
522 2434 698 2507 moliendo
719 2437 901 2507 committit
927 2432 991 2528 ⁴⁵),
1019 2437 1136 2525 vitae,
1164 2434 1362 2508 bonorum-

166 2563 235 2634 que
262 2541 488 2636 amissionem
517 2536 662 2630 indigno
693 2536 764 2608 hoc
792 2545 892 2608 reatu
910 2558 976 2632 pro
1004 2559 1121 2632 poena
1139 2539 1286 2611 incurrit
1316 2535 1361 2630 dJ,

167 2643 237 2714 nisi
255 2642 369 2733 gratia
387 2638 497 2732 Regis
516 2641 658 2711 veniam
675 2640 855 2732 largiatur.

210 2762 250 2847 t)
275 2763 337 2823 Pro
367 2761 431 2824 reis
462 2760 564 2822 laesae
593 2757 773 2842 Majestatis
801 2760 887 2842 leges
916 2760 1141 2840 pronunciant,
1176 2760 1228 2840 qui
1250 2760 1365 2842 impias

254 2865 363 2910 manus
386 2847 419 2907 in
441 2846 610 2908 Personam
633 2844 792 2926 Principis
814 2844 976 2930 injiciunt,
999 2846 1049 2907 vel
1072 2845 1165 2928 capiti
1187 2845 1267 2930 Ejus
1292 2849 1365 2930 glo-

255 2935 319 3011 dio,
341 2935 395 2994 aut
417 2951 535 2994 veneno
558 2931 758 3007 insidiantur,
771 2964 811 2976 -
828 2933 881 3012 qui
903 2931 1101 2994 traditionem
1125 2934 1225 3012 Regni
1248 2933 1368 2997 iaciunt

255 3053 295 3066 -
320 3019 373 3099 qui
395 3026 503 3080 contra
525 3017 625 3098 Regni
647 3017 799 3095 salutem,
833 3028 887 3080 aut
917 3019 1096 3098 dignitatem
1120 3019 1302 3097 conspirant
1325 3053 1366 3066 -

253 3112 307 3167 aut
329 3101 438 3166 saltem
468 3103 651 3181 conspirare
680 3111 895 3166 attentant-
926 3103 1091 3166 attentanti
1120 3104 1254 3165 scienter
1287 3123 1366 3166 con-

254 3191 392 3252 sentiunt
414 3221 456 3235 --
480 3185 528 3249 rel
551 3187 579 3249 si
602 3187 672 3270 quis
695 3185 879 3272 hujusmodi
900 3186 1036 3269 aliquam
1059 3187 1202 3265 noverit,
1233 3195 1263 3250 et
1286 3208 1366 3270 pro-

254 3276 329 3339 bare
353 3272 471 3350 valens,
494 3293 557 3334 non
581 3275 767 3337 indicaverit
781 3275 825 3358 ⁰).

420 3491 424 3500 .
637 3426 798 3510 caput
820 3425 909 3494 Vl.
1219 3513 1220 3518 Ἰ

413 3535 468 3616 lte
494 3531 660 3616 Liberis
685 3533 839 3639 Regiis
866 3531 1136 3617 Civitatibus.

692 3663 729 3750 §.
758 3663 844 3737 275.

416 3791 570 3864 [trorum
595 3789 832 3864 Incunabula
858 3796 898 3861 tn
924 3789 1134 3881 Hungara'u.
1254 3766 1257 3769 ’

272 3937 312 4009 ln
330 3936 489 4011 Partibus
508 3937 722 4030 Hungariae,
742 3960 832 4034 quae
850 3936 1020 4012 Romanis
1040 3937 1214 4034 quondam
1230 3958 1366 4033 parue-

168 4087 372 4097 ...ὴ-ψ...-

200 4127 225 4188 ·)
244 4129 307 4182 Vld.
324 4129 492 4184 Eisenbardt
510 4132 543 4184 de
562 4134 679 4186 nonunt,
698 4131 807 4184 Nobiltt.

198 4197 229 4261 1ν)
246 4201 364 4254 Beocsilr
381 4199 409 4252 ln
426 4202 530 4256 noviss.
547 4203 634 4256 Dicet
654 4217 679 4270 p.
699 4203 741 4256 19.
761 4209 789 4256 ct
807 4214 865 4269 aeq.
981 4259 982 4263 ,

203 4271 227 4324 e)
246 4273 324 4324 1790.
346 4271 387 4323 dd.

200 4336 444 4405 omnum

199 4409 225 4474 ⁰)
241 4409 271 4462 8.
289 4411 382 4477 soeph.
399 4412 466 4466 Dee.
484 4411 513 4466 lc
532 4412 557 4464 8.
577 4411 608 4464 c.
625 4410 669 4468 st.
688 4415 717 4466 et
734 4411 778 4466 ct.
797 4439 831 4452 -
849 4410 879 4465 Ρ.
898 4410 918 4462 Ι.
936 4415 968 4463 tt.
987 4407 1029 4467 tt.
1047 4413 1077 4464 ot
1095 4408 1163 4476 alim¹
1183 4403 1270 4474 tegar:
