3144 4860
1305 273 1355 348 67

159 427 331 526 lislam,
349 432 454 526 lunius
470 433 623 510 nominis
641 435 802 528 primum,
822 419 915 509 solio
939 434 1120 511 illocatum
1150 437 1197 530 ⁸),
1217 439 1356 518 clectos

158 545 346 630 praetcrea
363 534 528 610 llladriam
546 532 737 610 Corvinum
767 535 824 628 bl,
849 535 1067 614 vladislaum
1086 541 1277 618 secuudum
1308 547 1355 636 ⁰),

156 635 415 734 Fordinandum
431 636 480 732 1.‚
508 648 545 714 et
560 637 720 733 reliquos
738 638 783 710 ad
807 637 1002 737 losephum
1027 663 1154 737 usque,
1183 644 1356 742 leopoldi

157 744 452 838 primogenitum,
483 741 696 816 Austriacos
732 741 915 838 Principes
946 765 1094 835 omnes,
1131 745 1201 822 nisi
1227 759 1357 844 poste-

156 847 275 918 riores
292 845 437 941 propria
456 841 715 938 significatione
734 845 1089 941 praeelectosdicerc
1107 851 1234 941 mavia,
1254 871 1358 924 nemo

158 958 233 1039 est,
262 949 322 1041 qui
353 945 651 1020 abundantissime
678 969 726 1020 cx
759 945 915 1023 Historia
942 960 980 1022 et
1007 947 1146 1043 legibus
1171 954 1258 1049 ipsis
1285 974 1359 1028 non

128 1138 132 1145 ¹
157 1049 369 1156 perspiciat,
395 1069 469 1126 nou
485 1047 645 1126 manibus
662 1050 774 1126 veluti
793 1050 1045 1150 apprehendat.

195 1153 221 1200 0
397 1183 400 1190 .

499 1279 616 1352 Initio
644 1299 765 1352 neone
785 1282 1018 1373 Hungora‘oc.

262 1379 468 1478 Opportune
495 1403 552 1452 me
580 1379 682 1454 locus
713 1380 901 1470 admonet,
928 1393 967 1454 ut
995 1383 1165 1478 quaedam
1193 1383 1237 1457 dc
1266 1409 1363 1460 nexu
1448 1441 1450 1446 -

159 1483 361 1578 Hungariae
381 1506 459 1556 cum
487 1481 724 1559 serenissima
749 1481 865 1556 Domo
884 1481 1362 1579 Habsburgico-Lothariu-

160 1589 262 1682 gion,
290 1585 394 1659 modo
414 1585 587 1660 tcrfausto
604 1596 801 1680 regnante,
820 1588 856 1658 in
874 1586 1025 1659 medium
1043 1587 1234 1684 proferam.
1262 1591 1363 1665 Hunc

162 1699 327 1783 quantum
345 1688 389 1760 ed
407 1691 590 1783 sanguinis
608 1687 933 1780 necessitudinem,
962 1711 1054 1782 quae
1083 1704 1267 1786 augustam
1285 1716 1364 1766 oum
1424 1679 1426 1684 ¹

161 1793 370 1886 progeniem
390 1790 607 1862 domesticae
635 1790 809 1882 quondam
828 1791 955 1886 Stirpis
983 1790 1142 1886 Regibus
1162 1795 1365 1892 colligave-

160 1902 238 1983 rat,
276 1891 436 1963 diffusum
464 1893 629 1977 omnino,
657 1913 700 1962 ao
724 1894 1026 1982 vetustissimum,
1070 1904 1235 1973 caeteros
1272 1901 1365 1972 inter

160 1991 373 2064 Francisous
393 1989 542 2062 Carolus
560 1987 679 2060 Palma
709 1987 757 2079 ἃ),
786 2000 822 2061 et
839 1991 967 2062 Daniel
986 1989 1159 2070 Cornidcs
1191 2001 1238 2088 ⁰),
1260 2022 1365 2094 mag·
1432 2059 1435 2062 .

160 2115 231 2168 nae
249 2102 398 2186 uterque
427 2091 661 2181 cruditionis,
690 2089 770 2190 data
797 2112 907 2187 opera
936 2091 1166 2167 illustrarunt.
1195 2098 1275 2170 Noc
1293 2112 1361 2191 est,

163 2197 224 2290 qui
242 2195 398 2283 nesciat,
425 2192 555 2279 hodio,
584 2190 719 2286 Regem
744 2203 903 2266 nostrum
921 2195 1032 2288 longe
1052 2196 1364 2273 clementissimum

164 2296 331 2385 ῃΤοΧο,
358 2294 493 2392 Arpadi
511 2292 677 2389 Nepote,
705 2316 771 2390 per
800 2316 925 2373 sexum
949 2296 1164 2372 foemineum
1184 2301 1367 2402 multiplici
1416 2305 1418 2310 ’
1509 2391 1524 2410 ,

163 2397 270 2494 plane
288 2398 428 2471 ratione
447 2394 751 2471 condescendere.
787 2413 791 2425 ·

397 2627 488 2702 Gom
504 2521 757 2700 amenego
765 2523 901 2698 egum
918 2629 1132 2705 Amtrz'oco.

268 2752 346 2838 Quo
365 2758 483 2824 tamon
501 2751 570 2822 isto
588 2756 641 2820 tot
659 2747 796 2841 Regum
814 2756 999 2822 nostorum
1026 2753 1171 2844 sanguis
1190 2751 1282 2852 opud
1299 2773 1367 2826 nos
1442 2767 1446 2784 “

167 2862 337 2946 regnaret
355 2850 557 2948 aliquando,
586 2852 814 2922 occasionem
832 2852 980 2947 primam
997 2862 1101 2946 pacta
1121 2853 1369 2930 subministra-

167 2966 270 3046 runt,
299 2955 343 3026 de
362 2955 602 3030 successione
624 2949 825 3046 Hungariao
844 2956 930 3026 inita
948 2956 1042 3025 inter
1062 2953 1279 3029 Fridcricum
1297 2957 1371 3028 lm-

170 3066 391 3152 peratorem‚
411 3064 447 3127 et
464 3054 630 3128 Mathiam
650 3051 862 3144 Corvinum
882 3065 953 3127 tum
971 3057 1065 3128 inter
1083 3055 1370 3148 Maximianum,

168 3169 209 3230 et
225 3156 451 3231 Vladislaum.
479 3157 662 3247 Alteram,
690 3157 908 3251 eandemque
937 3156 1151 3250 firmiorem,
1180 3160 1248 3232 alia
1276 3181 1373 3256 nup-

171 3263 297 3332 tiarum
318 3279 425 3332 causa
453 3258 558 3330 Anno
592 3258 700 3331 1515.
719 3281 785 3354 pro
811 3257 972 3350 ejusdem
1000 3259 1228 3336 Maximiliani
1244 3261 1374 3358 Nepo-

171 3360 285 3452 tibus‚
312 3359 520 3454 liberisque
538 3358 710 3432 Vlodislai
728 3371 909 3435 contracta
946 3358 989 3452 ί).
1019 3363 1254 3441 Occasionem
1272 3365 1372 3438 dico:

203 3529 229 3599 ⁸)
248 3531 486 3670 ἷῗῢιῐέιὴιιῖὶρῖὲῒι
500 3531 967 3667 'ngp'rffonnc'ssn'rwnffiac
977 3545 1001 3596 ν’
1017 3534 1128 3654 ”godo
1142 3533 1374 3656 ssfflnzpofflffi'

171 3694 176 3730 5
251 3677 283 3730 'l'.
298 3623 372 3728 ξΠΙΙ.
387 3690 412 3741 p.
429 3675 465 3726 70
478 3679 506 3726 ct
518 3673 710 3738 sepultosque
725 3672 801 3724 llllnc
816 3683 928 3737 pravae.
1292 3617 1307 3668 Ρ

203 3741 233 3807 ¹¹)
250 3747 292 3798 llo
317 3747 402 3798 Maon.
423 3745 502 3798 elect.
525 3749 589 3810 post
612 3745 770 3796 Ronlanum
799 3745 937 3798 thurcos.
968 3741 1139 3808 nocentum,
1165 3745 1271 3798 conoul.
1297 3743 1376 3807 impr.

253 3813 950 3882 St.Kaprtnoyllnng.Dipt.temp.lltotlr.delloryod
959 3813 989 3864 P.
998 3815 1019 3866 l.
1032 3812 1078 3865 ubl
1088 3813 1180 3866 delae
1190 3813 1375 3879 exprotaglt.

204 3883 234 3952 ο)
249 3888 343 3940 Pescla
354 3886 459 3952 copias.
479 3885 593 3940 'destino
612 3884 675 3937 vido
698 3879 787 3938 lutor
805 3885 924 3940 omnium
944 3885 1030 3938 Deor.
1047 3883 1178 3939 occurro.
1194 3883 1325 3936 vladislal
1341 3883 1378 3937 ll.

254 3959 322 4020 llog.
338 3959 364 4008 ln
382 3957 464 4022 Corp.
479 3958 539 4009 dur.
558 3957 647 4020 liung.
662 3956 694 4005 Τ.
711 3956 731 4008 l.
747 3967 776 4020 p.
793 3958 854 4008 255.
874 3961 978 4019 etseq.
1213 3954 1216 3960 '

206 4025 235 4091 a)
253 4026 317 4080 Tul).
340 4029 454 4080 Genesi.
478 4031 575 4092 Δροσί.
598 4027 666 4090 lleg.
685 4025 775 4090 llung.
791 4026 912 4079 Dissert.
931 4025 964 4075 de
981 4023 1035 4074 'lta
1052 4027 1081 4075 ct
1098 4023 1154 4074 luat
1168 4023 1208 4074 Μ.
1224 4023 1294 4079 Mur.
1307 4022 1378 4074 ’Νιο-

255 4100 346 4152 restae
364 4096 435 4162 Aug.
448 4097 563 4149 adnexa.
724 4143 726 4146 .
1344 4107 1348 4114 ·

208 4166 234 4233 ⁶)
254 4171 367 4222 Geneal.
381 4169 449 4233 ling.
466 4168 556 4232 llrrng.
575 4166 620 4230 gari
636 4166 700 4218 Soc.
719 4167 765 4218 xl.
779 4179 895 4234 regnas.
909 4166 997 4218 illust.
1014 4169 1097 4229 atquc
1118 4161 1151 4214 ab
1165 4161 1271 4225 object.
1289 4162 1324 4213 lt.
1339 4163 1379 4214 1).

256 4241 320 4291 Ant.
334 4237 465 4302 (tondeay
488 4237 641 4290 vnete-uc
658 4237 760 4291 Pooon.
773 4245 803 4291 ct
824 4237 974 4291 carnalos
993 4235 1071 4288 1718.
1089 4247 1115 4298 p.
1136 4231 1198 4286 11⁸.
1215 4259 1249 4272 -
1266 4231 1326 4286 itt.
1344 4259 1377 4273 -

188 4339 191 4348 ·
240 4307 669 4373 communicantem.
874 4312 878 4316 ’

216 4380 237 4446 t)
256 4381 427 4432 provocatae
442 4379 528 4432 θοῦν.
540 4377 605 4430 noc.
622 4379 738 4440 onmll.
751 4373 920 4440 Admotus,
938 4373 1092 4428 Anctuario
1106 4373 1167 4438 ltlp.
1194 4374 1227 4426 ad
1244 4373 1317 4425 ntor.
1330 4371 1381 4422 llr-¹

259 4452 313 4503 alni
325 4451 396 4504 velli
409 4453 444 4502 dc
456 4449 530 4503 bello
544 4450 667 4502 Parnon.
682 4449 790 4512 adjecto
804 4462 854 4515 por
867 4452 974 4501 extens.
993 4445 1119 4498 inscruit.

1112 4509 1267 4590 5*-
