3138 4858
205 233 280 308 214

206 400 389 473 consilium
413 425 481 476 nac
504 423 574 474 una
603 399 646 471 de
674 417 802 488 causa,
830 421 898 472 nec
925 402 1087 477 consulto
1113 402 1221 489 satis3
1248 399 1399 496 indeque

204 505 390 597 provenit,
422 514 461 575 ut
488 503 624 595 Regina
654 521 743 596 opas
772 500 889 573 isthoc
916 501 1123 576 Dicasteriis
1149 500 1399 598 perficiendum

206 607 459 690 committeret3
500 602 716 699 perfectum,
765 612 800 674 et
837 607 1045 677 auctoritate
1081 606 1181 697 regia
1221 604 1397 692 donatum,

205 704 343 777 Urbarii
360 708 501 776 nomine
519 725 583 800 per
601 707 804 777 universum
822 704 1003 797 Regnum,
1029 707 1223 800 Partesque
1242 705 1411 778 adnexas

203 815 287 900 post
303 805 481 878 biennium
495 828 515 877 a
529 807 646 879 soluto
665 806 781 898 Regni
800 803 998 896 conventu,
1019 809 1189 902 annisque
1202 808 1398 901 insequen-

204 905 296 977 tibus
315 906 454 980 effectui
471 911 749 1003 manciparetur,
777 908 872 1001 quod
889 920 1029 1028 postea,
1047 911 1084 982 in
1103 910 1287 1004 proximis,
1306 929 1397 1003 quaa

203 1006 320 1079 locum
337 1008 504 1098 habuere,
531 1008 701 1097 Comitiis,
727 1011 930 1103 provisorie
948 1013 984 1084 in
1002 1010 1119 1104 legem
1135 1019 1328 1105 receptum,
1355 1032 1398 1084 ac

205 1107 285 1182 dein
315 1111 485 1205 siugulis,
529 1133 619 1207 quae
657 1110 916 1203 succedebant,
954 1116 1166 1222 temporarie
1201 1111 1397 1187 iterumad

203 1210 320 1286 futura
338 1233 449 1309 usque
466 1223 672 1310 protensum
690 1210 756 1284 fuit
786 1217 827 1300 ⁸.)

744 1436 753 1454 .
785 1385 807 1460 3
836 1388 871 1460 8.

490 1509 629 1585 Addrto
658 1533 706 1584 ea
716 1385 1108 1602 §lepeorecenroama

303 1633 515 1708 Substiterat
543 1632 633 1703 baec
659 1635 843 1727 provisi0,
878 1635 909 1704 si
937 1633 1057 1708 demas
1085 1636 1254 1731 quaedam
1280 1639 1396 1712 iuter-

201 1733 342 1806 media
333 1759 368 1806 ιιι
388 1736 661 1806 emolumentum
680 1735 888 1806 colonorum
906 1734 1148 1822 additamenta,
1177 1759 1224 1808 ex
1241 1741 1395 1832 integro,

203 1837 317 1908 donec
336 1857 459 1908 eorum
478 1838 578 1924 sorti,
599 1858 690 1907 anno
709 1835 813 1940 hujus
833 1834 944 1908 seculi
962 1839 1144 1929 trigesimo
1165 1849 1282 1928 sexto,
1304 1862 1396 1912 con-

203 1938 282 2010 ditis
313 1941 356 2012 12
396 1937 573 2026 articulis,
610 1921 793 2009 Comiti'ale
826 1936 1015 2008 Decretum
1051 1943 1244 2032 ingressis,
1281 1940 1395 2013 stabili

202 2036 461 2114 Constitutione
487 2049 715 2136 prospectum
743 2038 818 2111 luit
848 2039 924 2124 Qua
944 2045 1156 2132 occasione,
1184 2065 1274 2137 quac
1294 2042 1396 2116 dubia

199 2141 431 2230 videbantur,
459 2143 631 2233 majorem
651 2142 860 2237 ,claritatem
890 2140 1134 2228 obtinuerant,
1163 2154 1199 2216 ct
1225 2167 1395 2219 accesse-

199 2254 279 2316 runt
305 2242 486 2330 nonnulla,
516 2243 681 2336 prolecto
709 2241 800 2313 haud
829 2242 978 2315 levioris
1016 2245 1321 2319 considerationis.
1349 2247 1395 2320 Ut

199 2355 299 2420 sunt:
327 2344 452 2416 modus
479 2343 617 2433 lenior,
646 2344 804 2431 facilior,
832 2351 868 2413 et
894 2344 1196 2417 accomodatior
1186 2369 1222 2418 ιιι
1249 2348 1394 2420 desum-

198 2446 334 2518 mendis
351 2443 670 2544 praestationibus,
690 2444 870 2514 arbitrium
887 2442 1142 2536 Dominorum,
1163 2449 1393 2520 Officialium-

199 2570 266 2644 que
286 2546 496 2620 arctioribus
516 2544 628 2615 adhuc
645 2543 809 2619 limitibus
829 2547 1150 2642 circumscriptum
1171 2551 1394 2623 emolumen-

197 2659 233 2720 ta
250 2670 340 2722 vero
359 2671 424 2743 pro
445 2645 591 2720 subditis
611 2667 658 2719 ax
675 2652 813 2720 ratione
832 2652 1046 2740 commercii,
1065 2652 1271 2742 industriae,
1293 2675 1393 2724 com-

197 2749 451 2870 modorumque
469 2753 672 2836 variorum,
701 2751 893 2844 ampliora,
924 2751 1072 2840 demum,
1100 2757 1243 2846 quaein
1261 2754 1315 2826 his
1333 2752 1393 2826 vel

197 2855 348 2922 maxime
376 2850 680 2922 commemoranda
701 2861 776 2940 est,
804 2849 954 2924 facultas
982 2853 1091 2926 multo
1110 2854 1270 2976 plenior,
1297 2855 1392 2927 libe-

196 2955 341 3048 riorque
361 2949 527 3025 derebus
558 2955 631 3024 suis
651 2952 881 3070 disponendi,
910 2963 1015 3048 atque
1041 2958 1077 3026 in
1096 2961 1274 3053 propriam
1293 2958 1392 3030 utili·
1441 3038 1445 3043 ,

197 3063 304 3128 tatem
324 3053 564 3128 convertendi.

717 3203 753 3290 §.
782 3205 868 3280 309.

340 3329 481 3401 Libero
501 3331 728 3402 Tencterum
754 3337 933 3418 emtione,
961 3353 1008 3405 oc
1024 3333 1246 3407 cende'te‘one.

297 3453 408 3540 Quam
425 3455 461 3527 iu
480 3463 616 3547 partem
633 3452 735 3526 binae
753 3476 840 3551 prae
860 3460 1011 3531 caeteris
1031 3459 1303 3530 constitutiones
1323 3456 1392 3530 de-

196 3557 375 3630 serviunt:
403 3578 473 3627 una
491 3554 638 3627 liberam
663 3558 874 3648 emtionem,
902 3569 938 3630 et
961 3559 1202 3634 venditionem
1228 3557 1391 3646 Tenuto-

197 3677 274 3730 rum
293 3655 562 3746 coloniculium,
591 3675 681 3751 quae
700 3668 804 3731 antea
822 3668 954 3734 tantum
972 3664 1008 3734 in
1026 3658 1204 3733 nonnullis
1221 3654 1312 3733 locis
1328 3665 1391 3736 vi-

196 3756 325 3853 gebat,
354 3757 398 3829 ad
417 3778 541 3831 omnes
558 3759 858 3834 indiscriminatim
877 3764 1013 3836 incolas
1032 3758 1190 3834 extendit
1220 3758 1266 3856 ¹³),
1286 3761 1388 3836 salvo

195 3867 426 3955 permanente
444 3867 516 3930 turn
546 3859 659 3933 adbuc
684 3860 836 3934 dominio
868 3864 1002 3938 directo
1031 3865 1278 3936 concernentis
1309 3864 1390 3935 Do·-

192 3962 277 4033 mini
294 3961 497 4050 terrestris,
527 3963 609 4056 quin
635 3972 827 4058 propterea
853 3966 914 4038 rel
940 3969 1017 4063 ipse
1037 3973 1152 4036 emtor
1170 3982 1251 4036 esse
1271 3975 1388 4059 queat,

192 4062 254 4136 vel
285 4083 492 4158 quemquam
510 4062 563 4155 ,ab
593 4064 741 4136 emenda
776 4069 939 4140 sessione
971 4063 1158 4139 colonioali
1184 4064 1388 4160 prohibere,

221 4227 245 4292 ⁶)
265 4230 414 4353 ἳὲῑῃῑέΞΜ
433 4234 477 4288 35.
502 4242 529 4288 et
555 4234 651 4301 reliqui
672 4236 699 4288 lu
716 4236 865 4304 subsequls
882 4239 977 4292 ordine
995 4240 1110 4293 liceret·
1132 4239 1166 4292 ed
1192 4233 1263 4288 bunc
1286 4249 1388 4304 provo-

221 4365 249 4431 l‘)
267 4369 344 4424 18³6.
363 4367 389 4425 4.
