3144 4860
668 438 830 525 canant
851 439 925 506 11.
1045 497 1047 502 .

395 567 448 655 lto
473 568 596 678 legio
622 567 893 656 coronatione
919 571 957 656 in
983 567 1196 677 lltngorie

759 778 767 797 .
796 728 857 800 81.

545 829 548 836 ¹
604 728 982 946 Rooo·a§ooronao·o.
1102 947 1105 950 Δ

298 999 411 1087 Quum
438 1001 593 1074 Ducibus
621 999 779 1097 Hungari
797 1001 989 1097 parebant,
1017 1001 1201 1098 Principes
1229 1019 1315 1072 suos
1333 1000 1396 1071 in-

198 1106 425 1195 auguraturi,
453 1106 756 1176 usitato‘vctustis
787 1103 957 1176 Gentibus
975 1125 1075 1175 more
1107 1106 1164 1195 ⁸),
1194 1112 1294 1176 scuto
1324 1104 1396 1172 inn-
1509 1154 1519 1164 .

195 1207 334 1298 positos
363 1205 549 1277 elevarunt
578 1203 625 1296 ¹³).
652 1205 717 1277 Est
749 1215 864 1277 autem
892 1206 1114 1298 inauguratio
1145 1205 1304 1277 solennis
1323 1202 1395 1275 ho·
1503 1225 1505 1232 ’

195 1308 316 1394 noris,
343 1309 602 1402 potestatisque
630 1307 825 1401 cujuspiam
856 1305 990 1396 aditus,
1032 1311 1139 1379 certis
1180 1306 1304 1378 ritibus
1323 1327 1395 1400 pu-

193 1405 286 1478 blice
304 1410 495 1480 institutus.
523 1447 577 1462 -
592 1407 723 1481 Postea
745 1407 939 1481 coronatio
969 1413 1164 1498 successit,
1191 1411 1315 1500 regiae
1335 1406 1394 1478 di-

193 1511 340 1601 gnitati,
379 1520 525 1581 auctore
550 1511 633 1582 divo
663 1510 867 1604 Stephano,
906 1531 1066 1597 coaeva,
1104 1531 1208 1603 quern
1235 1517 1392 1581 assumto

193 1611 306 1702 Regis
345 1620 606 1702 cognomento,
633 1613 670 1681 in
704 1629 895 1682 numeroso
923 1613 1076 1680 omniurn
1103 1607 1271 1681 Ordinum
1299 1629 1394 1681 con-

191 1720 302 1803 ventu
327 1720 535 1782 coronatum
562 1709 697 1799 fuisse,
724 1719 868 1806 praeter
887 1709 1100 1782 hartvicum
1129 1710 1187 1801 ⁰),
1216 1711 1393 1806 diploma-

192 1815 261 1884 tica
297 1813 442 1906 insuper
467 1813 622 1910 vestigia
650 1808 716 1904 Ὃ,
755 1819 986 1914 etcoustans
1015 1809 1158 1888 traditio
1189 1813 1392 1906 posteritati

194 1915 475 1987 transmiserunt.
665 2001 668 2008 .
760 2007 764 2018 ¹

231 2035 271 2122 ⁵)
293 2035 463 2100 Ladislaus
487 2033 617 2100 Obuuus
639 2033 672 2098 in
693 2035 877 2118 Privilegio,
901 2037 982 2116 quod
1010 2054 1092 2098 anno
1117 2033 1211 2099 1274.
1235 2033 1393 2098 Ecclesiae

274 2123 485 2204 strigoniensi
509 2123 647 2198 dederet,
669 2123 714 2186 ita
728 2123 837 2186 babet:
862 2119 952 2200 „cnm
968 2124 1039 2204 ipsa
1056 2123 1147 2185 sedes
1164 2121 1393 2202 strigoniensis

273 2208 497 2288 „Sanctissimi
517 2209 635 2284 Petris,
657 2218 688 2270 et
709 2209 837 2272 Domini
858 2209 971 2286 nostri,
993 2208 1099 2272 sancti
1120 2208 1217 2290 Regis
1243 2206 1393 2288 stephani

276 2305 371 2374 „ortu
404 2297 569 2371 decorata,
606 2302 637 2356 et
673 2313 763 2356 sacro
801 2287 990 2373 Baptismato
1028 2291 1169 2376 ejusdem
1212 2291 1403 2372 sublimate,

275 2379 550 2462 „regalisque
574 2379 709 2441 nostri
730 2379 991 2442 Diadematis
1016 2377 1300 2459 impositione
1325 2399 1418 2446 ex-,

275 2463 416 2544 „stitit
438 2463 652 2526 redimits“
667 2463 713 2544 d).
743 2464 905 2526 Disoimus
930 2466 1060 2544 insuper
1074 2485 1111 2528 ex
1133 2465 1191 2526 boc
1212 2465 1391 2546 diplomate,
1470 2539 1473 2544 1
1564 2421 1565 2476 ἢ

206 2557 210 2562 ’
276 2551 327 2614 cui
343 2550 474 2612 altorum
490 2548 582 2610 liciae
597 2549 652 2610 lv.
667 2549 710 2632 ⁸),
731 2551 763 2615 s.
786 2551 975 2632 stephanum
999 2552 1115 2614 diserte
1136 2552 1271 2632 primum
1294 2549 1391 2612 Hun-

276 2638 382 2718 gariac
404 2637 519 2716 Regem
542 2633 747 2714 adpellantis,
780 2655 915 2718 prorsus
949 2639 1124 2712 consentit,
1166 2636 1391 2701 coronationis

275 2722 418 2785 solennia
456 2721 608 2802 strigonii
640 2721 741 2786 locum
771 2723 939 2799 babuisse,
977 2723 1070 2804 idque
1104 2722 1391 2802 posterius'ncbis

274 2808 419 2891 Sigillum
452 2805 572 2888 quoque
605 2808 744 2889 Capituli
765 2808 995 2892 strigoniensis
1024 2808 1279 2889 antiquissimum
1302 2806 1391 2868 indi-

274 2911 345 2956 care
366 2894 499 2971 videtur,
517 2896 600 2974 quod
619 2894 898 2976 Arabicpisccpum
933 2894 1191 2976 strigoniensem,
1216 2890 1295 2972 Regi
1323 2890 1391 2954 Co-

273 2985 382 3042 ronam
410 2978 629 3062 imponentem,
656 2979 789 3058 enbibet,
815 3000 884 3044 cum
909 2979 1096 3062 epigraphe:
1131 2979 1185 3056 „s.
1218 2995 1389 3040 corona-

231 3131 236 3137 ,
274 3070 373 3131 tur.“
1079 3089 1081 3092 ·

748 3277 756 3296 .
785 3226 846 3300 82.

474 3329 567 3424 ¹Sub
585 3355 623 3425 S.
644 3226 839 3444 Stcjbaoo
859 3350 1086 3425 introducto.

287 3498 360 3580 sub
378 3499 466 3597 ipsis
485 3499 706 3574 introductae
725 3502 848 3594 regiae
868 3496 1119 3573 coronationis
1138 3499 1260 3586 initiis,
1282 3496 1409 3598 Prin-¹

188 3608 287 3702 cipes
308 3604 476 3698 deinceps
495 3613 732 3696 regnaturos,
762 3603 806 3674 ad
825 3601 1005 3674 subeunde
1025 3622 1103 3672 curn
1121 3599 1216 3670 aditu
1237 3601 1389 3691 regimi-

185 3711 241 3782 nis
259 3706 479 3797 inaugurclia
498 3704 669 3778 Sclennia
688 3707 871 3794 exstitisse
900 3704 1114 3789 obstrictos,
1142 3721 1207 3795 per
1228 3721 1330 3793 quam
1351 3700 1389 3773 lit

186 3806 382 3905 probabile.
402 3803 435 3874 N
438 3826 492 3874 arn
509 3804 604 3877 isoud
622 3828 714 3879 nevo
733 3805 795 3878 illo
814 3827 879 3902 per
897 3809 1102 3878 universam
1118 3799 1294 3898 Europam
1313 3801 1388 3874 lm-

216 3974 244 4040 e)
262 3974 315 4025 vid
338 3935 448 4026 sebiioa
466 3972 577 4056 dissert.
602 3973 636 4026 de
660 3975 749 4043 inaug.
770 3977 838 4062 itote.
864 3989 914 4042 par
936 3974 1034 4026 subiet
1054 3974 1082 4024 la
1105 3973 1237 4040 elypeum.
1259 3975 1388 4028 -loon

215 4113 244 4169 o
264 4045 723 4178 totnsttnttstrsf'·
740 4048 859 4114 ’ΜΨ

217 4183 244 4247 c)
264 4187 315 4248 op.
330 4187 376 4235 cll.
389 4185 451 4234 edit.
465 4185 542 4247 Pray.
562 4198 587 4248 p.
603 4184 664 4238 lsi.

216 4255 245 4318 d)
266 4259 314 4319 Ap.
327 4257 384 4307 Nic.
400 4255 525 4306 Schneidt
538 4253 565 4303 ic
580 4257 673 4320 Epioe.
695 4255 820 4322 Agriane.
835 4255 865 4306 'l'.
876 4255 898 4305 l.
913 4267 938 4318 p.
955 4253 1013 4305 189.
1034 4257 1061 4303 et
1079 4263 1138 4320 seq.

217 4323 244 4392 ι)
262 4325 339 4376 houd
354 4339 403 4396 per
418 4331 523 4380 catena.
536 4327 672 4394 reperitur
691 4327 719 4382 ln
735 4327 842 4380 lintona
856 4326 930 4380 utet.
947 4325 1007 4378 crit.
1022 4325 1055 4378 u.
1070 4327 1094 4379 6.
1108 4339 1133 4391 p.
1147 4317 1207 4377 384.
1221 4326 1249 4374 at
1265 4334 1324 4388 seq.
