3122 4852
690 355 726 442 ξ.
756 355 840 430 512.

509 549 725 642 Legemque
750 515 980 650 sanctiones.

256 741 388 814 Verum
409 743 478 816 ista
507 763 646 838 quoque
666 743 876 816 executivae
895 743 1083 836 potestatis
1113 745 1253 838 species
1279 767 1349 840 pa-

154 849 253 936 riter,
276 865 318 915 ac
335 843 493 937 reliquae
513 866 532 914 e
551 844 746 934 tenoribus,
774 867 815 916 ac
834 865 942 917 sensu
960 841 1077 938 Regni
1095 844 1212 940 legum
1231 868 1347 941 quan-

155 947 231 1018 dam
249 949 380 1043 patitur
396 946 653 1036 limitationem,¹
678 969 767 1040 quae
793 949 823 1018 si
848 947 1110 1040 respiciantur,
1155 945 1278 1019 horum
1314 951 1352 1021 in

128 1049 344 1144 ,obversum
371 1047 540 1143 Princeps
569 1053 690 1142 nequit
725 1049 854 1140 legalia
882 1047 1081 1118 Dicasteria
1105 1069 1170 1143 pro
1206 1047 1350 1121 arbitrio

156 1153 387 1246 supprimere,
407 1153 631 1244 peregrinam
651 1153 703 1222 eis
722 1149 869 1220 formam
887 1149 1032 1237 indere,
1061 1148 1259 1221 attributam
1286 1173 1353 1246 per

155 1252 257 1345 leges
276 1251 533 1342 efficacitatem,
562 1255 876 1345 auctoritatemque
906 1259 1103 1340 coarctare,
1123 1251 1264 1342 tollere,
1295 1262 1356 1323 aut
1453 1341 1456 1348 Ι

158 1375 247 1448 quae
264 1351 404 1445 legibus
433 1356 493 1423 uni
522 1353 675 1445 collegio
706 1351 808 1423 fuere
838 1345 1014 1440 attributa,
1053 1355 1087 1422 in
1117 1352 1223 1443 aliud,
1250 1362 1288 1424 ut
1318 1356 1355 1426 in

160 1454 323 1551 exemplo
343 1452 498 1523 Juridica
519 1452 670 1543 objecta,
699 1452 742 1524 ad
759 1453 937 1547 politicum
955 1449 1204 1543 Dicasterium,
1232 1463 1356 1526 trans-

158 1555 254 1628 ferre
285 1557 341 1646 ⁸),
369 1564 594 1647 praecautum
614 1558 718 1625 etiam
738 1553 937 1648 aliquando,
966 1553 1163 1648 ampliando
1186 1553 1356 1627 Dicasto-

159 1659 291 1728 riorum
310 1658 516 1750 potentiam,
544 1656 659 1748 Regni
687 1654 958 1728 Jurisdictiones
977 1659 1013 1725 in
1031 1657 1197 1747 legitimis
1214 1656 1356 1730 Jurihus

161 1762 234 1830 suis
269 1768 453 1829 coarctare
483 1755 543 1846 ¹³),
570 1761 746 1828 neminem
773 1760 856 1828 item
890 1766 1083 1850 praegesto
1121 1759 1240 1830 ollicio
1270 1780 1357 1852 erga

161 1859 355 1954 simplicem
374 1856 679 1929 denunciationem
706 1862 863 1954 privare,
891 1855 1015 1928 verum
1045 1867 1174 1951 puncta
1205 1881 1358 1931 accusa-

161 1964 295 2031 tionum
313 1957 429 2028 dclato
457 1961 604 2048 praevie
624 1979 707 2029 esse
727 1957 1032 2046 communicanda,
1073 1979 1142 2052 quo
1172 1962 1224 2031 sic
1252 1961 1357 2054 plena

161 2061 211 2135 illi
241 2080 347 2131 sese
375 2057 547 2150 purgandi
582 2061 726 2128 occasio
755 2065 917 2152 suppetat
948 2057 990 2146 ⁰).
1037 2057 1114 2129 Lex
1138 2063 1291 2156 sequior,
1308 2100 1360 2112 -

162 2159 305 2256 praeter
331 2155 464 2228 Judicis
495 2158 850 2253 officinm-reliqua
868 2182 888 2228 a
905 2156 1100 2250 Regiminis
1119 2162 1359 2232 nominatione

164 2260 412 2358 dependentia,
432 2268 532 2332 extra
549 2263 644 2336 viam
660 2261 756 2334 luris
776 2259 907 2331 auferri
926 2280 1035 2356 posse
1055 2259 1152 2332 clare
1172 2260 1281 2334 edixit
1311 2258 1358 2352 ιι).

687 2509 724 2595 §.
754 2511 839 2582 513.

272 2710 332 2780 Dc
357 2709 450 2780 Jurc
475 2709 684 2780 Numerone
710 2708 836 2796 Regna·
858 2649 1057 2780 Beronum
1085 2707 1261 2799 dependi.

270 2904 381 2989 Quum
410 2925 502 2975 anno
533 2903 645 2997 elapsi
672 2895 784 2973 seculi
814 2911 937 2996 quarto
966 2924 1071 2996 supra
1087 2905 1365 2997 sexagesimum
1445 2909 1455 2929 ¹

170 3005 213 3075 de
232 3003 368 3074 Nobilis
398 3005 548 3073 Turmae
583 3005 833 3075 Praetorianae
870 3001 1077 3097 Capitoneo,
1113 3007 1150 3075 in
1185 3026 1366 3076 numerum

169 3104 286 3196 Regni
303 3103 480 3174 Beronum
501 3101 720 3197 recipiendo,
750 3113 928 3196 ageretur,
955 3105 1099 3174 multum
1128 3106 1164 3174 in
1181 3113 1365 3198 utramque

170 3214 306 3301 partem
344 3203 552 3296 disputatum
579 3212 653 3275 est:
691 3207 782 3276 sitne
810 3208 846 3275 in
883 3212 1061 3298 potestate
1099 3201 1208 3298 Regis
1236 3226 1368 3278 novum

171 3307 356 3378 instituere
374 3302 490 3395 Regni
507 3303 719 3376 Baronatum
737 3314 880 3400 praeter
899 3304 1065 3377 Ordinnm
1073 3305 1190 3400 Regni
1208 3327 1368 3379 consen-

49 3451 53 3454 ·
173 3407 276 3482 sum?
303 3407 358 3477 Ao
376 3413 459 3475 tunc
474 3406 613 3500 quidem
642 3406 801 3498 ambigua
827 3405 917 3476 haec
935 3413 1181 3480 controversia
1200 3431 1272 3479 non
1298 3418 1369 3478 tam

173 3507 327 3598 delinita,
356 3528 457 3601 qnam
475 3507 639 3602 prudenti
665 3507 813 3579 oonsilio
847 3506 1020 3577 declinata
1049 3508 1126 3579 fuit.
1155 3509 1369 3602 Quamquam

174 3611 337 3702 analogia
355 3607 449 3679 Juris
468 3608 611 3703 publici,
640 3619 675 3679 et
692 3608 787 3680 hene
801 3619 906 3680 vetus
927 3608 1146 3680 consvetudo
1171 3613 1236 3681 vix
1265 3607 1370 3680 dubi·
1434 3668 1437 3674 .

82 3753 85 3758 -
173 3719 251 3782 tare
275 3714 402 3798 sinant,
423 3709 457 3780 id
477 3709 664 3804 aliquando
688 3700 799 3802 Regis
819 3713 963 3784 stetisse
980 3709 1138 3816 arbitrio,
1164 3732 1279 3804 neque
1299 3709 1371 3781 ulla

174 3814 211 3884 in
238 3813 453 3884 contrarium
465 3822 589 3886 exstet
618 3814 833 3886 constitutio.

205 4043 230 4099 ⁸)
252 4045 329 4098 1791.
349 4049 392 4101 aa.
426 4023 428 4025 ’

205 4128 326 4193 1)1791.
348 4131 390 4185 11.

208 4214 232 4269 ⁰)
253 4217 303 4266 ctt.
324 4219 401 4269 1791.
420 4219 462 4270 18.

207 4298 235 4366 d)
255 4300 334 4357 lats.
351 4302 394 4356 29.
454 4293 458 4302 ’
