3138 4858
1203 227 1372 300 ‚51

217 380 256 467 l)
278 355 392 448 Utrum
432 386 508 450 baec
536 386 659 452 tardius
681 389 828 470 adoptata
857 385 1052 469 negotiorum
1080 387 1113 450 in
1144 387 1274 456 circulis
1295 412 1373 471 per·-

260 472 736 623 ts‘t‘btltl‘bbttl
761 473 914 622 bilbili
946 475 1377 626 oo..liliin,ilib‘lil'll

260 575 406 706 vogopum
435 645 570 708 libertati
601 649 753 723 adversa,
786 665 849 708 non
881 604 1041 723 adieram,
1063 681 1104 694 -
1134 607 1375 728 prac’teritorum

260 731 434 792 recordatio
463 732 585 795 abunde
619 733 777 812 ostendit,
809 739 839 794 et
872 731 1015 811 animus,
1048 750 1067 794 a
1099 733 1235 813 partium
1270 737 1376 799 studio

237 827 239 831 ·
267 823 418 897 remotus,
437 814 532 882 'lacile
554 814 751 904 dijudicabit.
802 865 805 870 -

699 1009 737 1097 §.
765 1009 850 1084 403.

468 1158 560 1230 Onne
583 1155 700 1248 pleno
726 1172 901 1230 notorum
924 1155 1105 1229 libertate.

182 1329 185 1334 ·
274 1299 315 1372 ln
342 1299 396 1374 his
425 1303 585 1376 omnibns
611 1302 841 1376 discutiendis
870 1305 1060 1396 unicuique
1084 1302 1239 1377 membro
1260 1307 1377 1377 comi·
1475 1309 1476 1314 ’

51 1464 53 1469 ,
176 1404 250 1475 tiali
276 1407 451 1496 integrum
473 1415 541 1495 est,
570 1427 667 1477 suam
694 1404 831 1495 libere,
861 1404 1028 1478 decenter
1056 1416 1194 1496 tamen,
1232 1415 1268 1478 et
1297 1409 1374 1480 sine

175 1508 378 1598 cujusquam
409 1508 619 1579 contumelia
648 1510 861 1580 sententiam
888 1506 1107 1601 depromere.
1154 1507 1194 1579 ln
1222 1519 1371 1602 utroque

175 1607 307 1679 Tabula
327 1609 460 1698 majora
482 1608 705 1698 concludunt,
725 1607 770 1682 ad
787 1618 874 1682 vota
895 1609 1113 1702 singulorum
1132 1630 1203 1680 non
1224 1631 1377 1706 semper,

176 1720 211 1782 et
231 1708 314 1781 olim
331 1712 445 1795 rarius
464 1710 578 1782 adbuc
595 1710 867 1805 procedebatur,
897 1732 966 1805 qno
995 1713 1087 1782 enim
1112 1714 1233 1806 potior
1266 1734 1377 1807 prae-

175 1813 326 1881 sentium
351 1832 433 1902 pars
451 1811 676 1906 propendere
702 1812 855 1900 uidetur,
884 1815 1018 1883 caeteri
1047 1815 1152 1883 etiarn
1172 1833 1236 1884 suo
1261 1814 1377 1886 silen—
1496 1875 1498 1878 .

175 1915 224 1982 tio
261 1911 452 1983 creduntur
480 1911 758 2006 comprobasse;
803 1915 871 1982 nisi
905 1911 998 1982 forte
1033 1914 1082 1983 ita
1106 1913 1283 2007 disparata
1306 1919 1376 1988 sint

176 2011 353 2103 suffragia,
382 2021 518 2083 utnon
544 2011 649 2082 facile
680 2014 715 2080 in
751 2011 976 2081 concordiam
1011 2016 1177 2085 revocari
1212 2020 1374 2106 possint3

177 2133 246 2205 quo
275 2114 310 2182 in
331 2133 415 2184 casu
438 2112 482 2183 ad
501 2112 668 2184 Tabulam
697 2111 835 2204 quidem
853 2111 1055 2203 Magnetum
1083 2112 1280 2183 Janitorum
1298 2117 1377 2187 Re-

175 2213 306 2306 galium
333 2213 506 2308 Magister
527 2223 612 2288 vota
639 2211 774 2306 colligit
791 2210 841 2300 ⁴⁵).
887 2213 993 2306 Apud
1022 2213 1200 2287 Tabulam·
1215 2213 1376 2289 Statuam

175 2314 326 2388 Praeses
353 2314 442 2386 hacc
469 2326 617 2406 notare,
645 2313 842 2409 abindequc
869 2314 1103 2408 pluralitatem
1138 2323 1376 2410 pronunciare

177 2416 278 2490 solet.
641 2445 643 2456 ¹

218 2540 257 2621 l⁸)
280 2539 428 2616 sivero,
450 2569 494 2586 -
514 2527 619 2603 monet
639 2539 800 2604 Articulus
822 2537 876 2602 ab.
912 2535 1380 2621 1495.-intertpaos(puto
1427 2593 1430 2598 .

188 2691 191 2699 p
223 2701 225 2706 Ι
262 2623 432 2702 Praelatos,
455 2644 490 2689 cc
512 2625 671 2706 Berones)
695 2624 805 2705 aliqua
824 2625 1035 2704 discrepantia
1054 2626 1201 2703 oriretur,
1224 2626 1379 2707 Magister

262 2709 440 2772 ianitorum
466 2718 570 2772 votum
602 2707 772 2793 cujuslibet
801 2709 987 2792 singillatim
1018 2711 1177 2792 anquirat,
1209 2719 1244 2772 ut
1266 2712 1378 2776 saltem

262 2795 308 2856 sic
331 2813 388 2876 per
410 2797 593 2858 sententiam
611 2797 749 2858 sanioris
772 2796 872 2877 partis
895 2795 934 2857 ad
951 2797 1108 2874 unionem,
1131 2805 1161 2858 et
1179 2799 1377 2860 concordiam

261 2880 459 2944 reducantur.
485 2881 570 2958 Quae
600 2883 778 2961 posteriora
802 2881 907 2958 verba,
937 2882 1010 2962 quid
1042 2881 1127 2944 aliud
1159 2881 1220 2944 sibi
1244 2883 1378 2946 volanti

264 2983 354 3046 quam
377 2973 426 3044 ut,
457 2967 574 3029 auditis
597 2967 804 3030 validioribus
828 2969 1037 3048 argumentis,
1071 2967 1179 3029 sanior
1207 2969 1380 3050 triumphet

262 3051 416 3114 sententia
437 3053 520 3132 apud
542 3070 597 3113 eos
620 3053 732 3130 ctiam,
763 3052 816 3133 qui
837 3061 928 3114 antea
956 3053 1047 3113 aliter
1070 3053 1264 3129 sensissent,
1289 3055 1379 3114 salva
1440 3071 1443 3076 ’

262 3144 408 3198 votorum
429 3132 618 3217 pluralitate.
649 3136 758 3217 Neque
780 3136 861 3200 enim
893 3135 959 3200 ulla
980 3137 1154 3217 expeditior
1181 3138 1263 3199 ratio
1288 3137 1378 3202 Gou-

263 3219 451 3285 sultationes
474 3222 611 3302 plurium
635 3223 674 3285 ad
697 3224 838 3286 effectum
861 3222 1034 3302 deducendi
1056 3233 1265 3304 supermanet.

695 3415 731 3500 §.
760 3417 845 3489 404.

429 3564 640 3634 Demetrio
657 3560 832 3635 Statuam
856 3560 1125 3634 cor-relatione.
1242 3599 1244 3605 ·
1363 3565 1366 3574 '

282 3731 381 3804 Ultra
406 3732 479 3821 illa,
518 3755 608 3828 quae
637 3731 862 3805 memineram
891 3731 935 3803 de
964 3729 1162 3803 ianitorum
1190 3727 1375 3822 Regalium

180 3832 371 3924 Magistro,
398 3834 493 3905 nulla
520 3835 675 3930 positiva
703 3855 825 3906 norma
852 3830 1055 3925 colligendi,
1100 3830 1377 3924 numerandiqua

182 3933 345 4030 sutfragia
361 3934 500 4028 legibus
517 3933 782 4032 praescribitur,
811 3955 854 4006 ea
874 3934 1100 4006 observantia
1121 3943 1238 4006 tamen
1256 3932 1377 4004 barum

181 4035 318 4126 spiritui
335 4055 482 4126 prorsus
498 4047 750 4125 consentanca,
766 4045 803 4105 ut
814 4056 892 4105 cum
903 4033 988 4107 nihil
1006 4036 1042 4108 in
1063 4035 1266 4106 conclusum
1284 4055 1377 4127 pos-

181 4137 228 4205 sit
247 4132 356 4220 abirc,
385 4137 461 4206 sine
483 4140 665 4232 utriusque
684 4135 839 4234 Tabulae
858 4135 1063 4223 concordia,
1082 4133 1185 4207 binae
1205 4133 1374 4224 Tabulae,

178 4236 216 4304 in
235 4254 325 4327 quac
342 4230 508 4307 uotorum
526 4241 724 4328 majoritate
743 4238 895 4310 seorsim
924 4237 1088 4308 coalitum
1107 4245 1175 4326 est,
1204 4233 1271 4308 sibi
1294 4255 1375 4308 mu·-

179 4343 241 4408 tuo
260 4339 529 4428 communicent,
555 4342 738 4438 utriusque
765 4335 923 4431 coalitis,
951 4338 984 4414 si
1010 4335 1128 4514 aliter}¹
1139 4357 1213 4482 apa
1238 4356 1397 4433 sequa·¹
