3124 4868
1289 255 1338 327 89

148 427 309 500 dationes
339 425 541 519 quorumvis
567 423 815 518 Religionum,
842 427 903 498 illo
933 429 1072 499 iuterim
1100 447 1176 498 cum
1207 423 1339 497 discri-

145 533 257 616 mine,
286 527 378 622 quod
395 527 508 599 relate
533 528 577 598 ad
605 549 681 619 eas,
713 550 803 622 quae
828 531 968 620 eregia
995 528 1206 600 liberalitate
1225 528 1337 598 sacris

148 630 331 706 catholicis
351 628 487 702 dicatae
507 633 684 722 existunt,
713 632 748 702 iu
769 629 935 725 specifico
957 630 1068 704 adhuc
1096 630 1245 702 illustria
1265 627 1339 698 Pa-

146 742 309 806 tronatus
327 731 412 803 Jura
431 732 612 809 accedant.
988 763 991 770 ¹

125 897 128 904 ’
187 877 226 964 *)
249 877 367 943 Adiero
390 879 461 959 ipse
484 879 578 942 verba
599 877 695 965 hujus
718 879 816 962 legis:
841 881 988 960 „Piorum
1012 878 1192 960 quorumvis
1212 875 1342 939 Funde-

230 967 371 1044 „tiouum
399 967 642 1047 inspectionem,
677 977 707 1028 et
734 987 803 1046 cunr
838 969 995 1031 exactione
1028 967 1204 1039 rationum,
1237 973 1342 1025 utrum

231 1052 430 1130 „tentationi
453 1052 596 1130 satisfiat,
618 1053 901 1135 investigationem,
924 1055 987 1115 Sue
1007 1050 1161 1136 Majestas
1181 1051 1342 1114 Sacratis-

230 1139 332 1216 „sima
354 1159 412 1219 pro
435 1139 608 1218 apostolico
631 1158 776 1215 munere,
800 1150 830 1204 et
853 1157 1001 1220 suprema
1023 1138 1207 1201 auctoritate
1223 1156 1280 1200 sua
1302 1169 1342 1182 ·-

231 1259 290 1303 ‚,-
318 1259 359 1269 —
388 1225 449 1287 sibi
472 1226 603 1306 benigne
625 1227 810 1289 reservavit.
843 1227 884 1288 lit
907 1246 923 1286 e
944 1225 1063 1306 gremio
1087 1223 1177 1306 Regii
1199 1222 1338 1284 Locum-

229 1310 428 1391 „teneutialis
452 1310 587 1374 Consilii
618 1313 786 1375 nonnullos
809 1313 984 1393 deputavit,
1017 1311 1069 1391 qui
1092 1309 1337 1392 praemissorum

232 1396 457 1484 „singularem
479 1405 509 1460 et
530 1397 720 1482 peculiarem
743 1417 848 1461 curem
870 1398 1036 1461 habeant.“

662 1588 699 1677 §.
728 1591 815 1664 471.

358 1740 428 1813 III.
455 1739 556 1831 Lepi
567 1744 624 1811 etc
641 1738 766 1816 diotae
782 1742 1102 1814 accrescentem.

245 1885 275 1960 E
303 1906 481 1960 converso
507 1887 797 1981 quemadmodum
824 1890 918 1961 eirca
946 1889 1014 1960 alia
1039 1889 1221 1975 instituta,
1249 1905 1336 1958 cor-

143 2011 302 2087 poraque
320 1988 490 2076 moralia,
518 1991 566 2057 ita
586 1989 678 2080 apud
695 1983 876 2060 Ecclesiae
896 2010 1056 2082 quoque,
1076 1989 1336 2080 religiosasque
1445 2025 1447 2028 ·

146 2095 222 2165 sine
241 2089 442 2161 discrimine
453 2086 727 2161 Communitetes
746 2089 894 2184 provida
906 2087 1080 2179 Majorum
1093 2089 1339 2184 dispositione,

145 2216 247 2288 quam
266 2189 387 2264 schola
405 2189 563 2282 legem
589 2191 985 2263 Amortisationis
1005 2190 1205 2286 compellat,
1223 2209 1336 2282 prae-

143 2295 265 2392 pedire
291 2297 406 2366 visum
433 2291 520 2380 fuit3
548 2315 594 2362 ne
621 2292 774 2364 admissa
803 2293 974 2365 Institutis
1002 2293 1255 2363 ecclesiasticis
1291 2329 1343 2340 -

143 2401 230 2469 citra
249 2397 377 2468 limites
395 2434 447 2447 -
464 2394 556 2465 bona
575 2395 779 2488 acquirendi
797 2403 999 2490 potestate,
1019 2394 1108 2465 haec
1127 2417 1205 2465 cum
1224 2414 1335 2464 ener-

142 2503 286 2573 vatione
304 2501 520 2592 privatarum
544 2496 784 2586 familiarium,
813 2499 985 2590 gravique
1015 2518 1170 2568 coronae
1188 2496 1338 2593 praeju-

145 2601 236 2672 dicio
254 2603 291 2670 in
308 2620 466 2670 manus
493 2637 544 2648 -
571 2608 609 2669 ut
628 2600 725 2688 ajunt
743 2640 794 2650 -
822 2608 1037 2670 mortuas
1056 2598 1257 2671 deveniant.
1287 2595 1337 2665 lla

144 2703 187 2774 de
207 2721 313 2772 causa
331 2700 510 2772 Uladislao
530 2697 573 2769 ll.
594 2710 767 2792 regnante
799 2700 831 2789 ⁸)
862 2704 1078 2791 generatim,
1105 2708 1144 2772 ut
1163 2697 1335 2786 dixeram,

143 2803 365 2876 interdictum
391 2811 447 2875 est
470 2801 683 2897 Episcopis,
711 2805 935 2896 eaeterisque
961 2802 1132 2874 Praelatis
1158 2801 1237 2890 jura
1270 2821 1335 2872 se-

148 2907 279 2977 cularia
297 2908 396 2997 regia
415 2904 628 2992 donatione,
656 2904 717 2976 vel
735 2905 804 2975 alio
824 2927 1035 2997 quoeunque
1063 2904 1186 2990 titulo,
1214 2924 1259 2973 ue
1278 2903 1339 2996 pi-

147 3009 270 3098 gnoris
301 3006 439 3097 quidem
466 3026 530 3097 pro
561 3008 634 3076 suis
665 3006 838 3077 Ecclesiis
867 3009 1068 3098 impetrare.
1115 3005 1247 3076 Postea
1278 3003 1341 3074 sub

148 3105 277 3178 Carolo
296 3105 356 3174 ΙΙΙ.
377 3099 560 3176 Coenobia
579 3107 843 3196 ingredientes,
873 3129 915 3175 ao
934 3105 1103 3176 decimam
1123 3105 1236 3177 solum
1257 3107 1343 3175 aviti

145 3209 346 3303 patrimonii
363 3216 497 3299 partem
525 3208 624 3277 titulo
655 3207 747 3278 dotis
767 3228 915 3292 secum,
945 3216 980 3276 et
998 3216 1181 3277 numerato
1203 3203 1342 3298 quidem

147 3313 230 3381 aere
248 3305 468 3381 inferendam
486 3309 642 3379 restricti
661 3305 853 3397 habentur,
882 3328 971 3403 quae
1003 3311 1143 3381 tametsi
1163 3309 1340 3400 quinqua-

144 3417 241 3505 ginta
268 3407 484 3481 florenorum
513 3409 620 3479 millia
655 3421 862 3504 superaret,
899 3431 1075 3504 nunquam
1107 3419 1222 3480 tamen
1249 3408 1341 3478 ultra

143 3513 373 3585 resultantem
392 3510 434 3583 ab
452 3508 520 3582 hac
536 3531 667 3583 summa
686 3521 823 3607 partem
841 3511 1170 3604 decimam-augere
1190 3529 1341 3582 succes-

144 3636 247 3689 sores
265 3617 418 3714 proximi
436 3615 507 3686 sint
526 3611 686 3687 obstricti
715 3612 762 3704 ¹').

678 3833 716 3922 §.
744 3833 830 3907 472.

256 3985 319 4055 Ν.
348 3981 488 4074 Lepole'
511 3982 745 4056 deterrarum
770 3979 1012 4072 ltela'pionum
1037 3979 1210 4052 libertati.

242 4127 392 4219 Ajebam
410 4134 445 4202 in
474 4129 715 4229 superioribus
733 4128 825 4235 haud
850 4130 928 4202 sine
956 4127 1198 4220 fundamento,
1223 4129 1334 4224 Regis

133 4271 349 4289 μ--ι-ῇ

168 4343 195 4405 ·)
213 4344 264 4396 (lit.
283 4342 361 4398 1498.
381 4349 424 4402 dd.

168 4412 198 4482 ¹³)
216 4415 293 4473 nist.
311 4417 353 4471 71.
