3142 4862
675 362 711 448 ᾗ
729 359 862 470 ¹XLIV.

388 568 391 574 ,
492 486 666 561 Historia
685 489 791 560 torte
807 489 1042 580 chpartae.
1082 495 1084 500 '

269 636 457 709 Historicis
485 653 611 730 aeque,
632 656 675 705 ac
688 633 848 725 juridicis
868 635 1094 708 auxiliaribus
1114 637 1272 709 scientiis
1302 637 1370 706 ad-

169 763 319 815 numero
337 737 509 827 ordinem,
538 758 642 832 quem
662 736 754 832 apud
777 746 957 811 nostrates
984 750 1131 822 tenuere
1160 739 1284 833 leges,
1311 735 1370 809 hi·-
1463 797 1465 802 .

171 847 304 919 storica
328 843 544 914 recensione
572 838 771 930 deductum,
800 839 894 934 quod
914 839 1033 914 Genus
1057 840 1372 915 Commentaticnis

169 948 414 1020 Historiam
435 943 564 1016 duris
584 945 817 1014 communiter
844 943 1045 1038 adpellant,
1082 945 1164 1017 loco
1191 943 1248 1016 hic
1268 943 1373 1016 facile

171 1052 331 1146 principe
354 1045 598 1137 collocandam
616 1041 672 1134 *),
702 1047 802 1135 cujus
838 1045 1021 1119 commoda
1050 1046 1094 1118 ad
1124 1045 1373 1144 perficiendam

174 1152 264 1224 hanc
276 1159 435 1224 nostram
446 1147 641 1220 doctrinam
656 1149 796 1220 tametsi
806 1148 925 1243 patula
938 1151 1020 1239 sint,
1033 1150 1197 1245 illamque
1208 1189 1260 1203 -·
1270 1151 1374 1221 exci-

174 1265 268 1329 tatus
292 1252 465 1346 exemplis
502 1252 671 1344 egregiae
702 1249 909 1323 eruditionis
935 1251 1083 1324 Viorum
1104 1290 1156 1306 —·
1180 1256 1258 1348 ipse
1279 1274 1373 1349 quo-

177 1379 246 1452 que
274 1355 366 1428 bene
383 1353 515 1428 multos
536 1363 616 1424 ante
648 1374 761 1426 annos
783 1352 924 1444 ardore,
954 1375 1111 1450 ausuque
1136 1355 1287 1447 juvenili
1305 1378 1374 1453 pa-

117 1485 119 1490 ·
173 1480 256 1533 rare
272 1459 484 1532 tentaverim
514 1453 558 1552 ¹),
575 1454 720 1527 candide
734 1463 851 1527 tamen
870 1455 1063 1551 profiteor:
1092 1461 1127 1530 in
1147 1480 1191 1530 ec
1203 1457 1374 1553 opusculo

174 1561 282 1634 multa
318 1558 505 1632 admodum
541 1557 668 1630 deesse
698 1557 742 1628 ad
766 1559 975 1653 completam
992 1559 1101 1650 luris,
1125 1569 1161 1630 et
1189 1561 1376 1655 lurispru-
1471 1617 1474 1622 .

178 1664 330 1752 dentiae,
351 1662 550 1757 cumprimis
569 1659 744 1754 publicae,
773 1659 975 1732 Historiam.
1013 1661 1178 1752 lnterim,
1205 1672 1244 1735 ut
1268 1661 1374 1734 modo
1447 1694 1449 1700 ¹

176 1785 238 1837 res
264 1774 409 1838 nostrae
448 1764 666 1851 consistunt,
711 1770 747 1832 et
765 1756 861 1832 hic
852 1783 944 1857 ipse,
981 1785 1084 1857 quern
1113 1714 1255 1853 dadrus,
1284 1788 1377 1836 con-

135 1862 137 1866 ’
180 1876 345 1963 spectus,
384 1887 451 1960 qua
481 1867 535 1936 sui
560 1887 688 1982 magua
718 1867 859 1937 omnino
888 1875 989 1961 parte
1017 1866 1147 1941 abolita
1177 1866 1376 1960 legentibus

176 1968 377 2044 volvenda
374 1970 571 2065 propinat,
612 1969 685 2058 jam
729 1969 870 2041 nonnisi
904 1968 1109 2041 historicam
1135 1969 1231 2043 luris
1263 1971 1376 2043 nostri

179 2071 309 2170 publici
326 2071 452 2144 faciem
470 2076 723 2167 repraesentat.

222 2199 260 2288 )
282 2197 390 2261 Liceat
411 2217 507 2259 unum
528 2195 666 2272 Pittteri,
693 2193 766 2256 Viri
789 2194 943 2274 quondam
965 2194 1097 2259 celebris
1117 2193 1272 2299 judicium
1295 2195 1376 2260 cub-

264 2283 452 2364 necteret)
476 2280 600 2359 „Cum
600 2283 637 2342 dc
659 2279 815 2342 institutis
839 2290 929 2362 utque
948 2279 1077 2365 juribus
1100 2284 1217 2365 agitur,
1242 2302 1319 2363 quae
1342 2303 1379 2345 en

268 2369 456 2451 ,patinaria
486 2368 617 2448 quedam
647 2365 807 2428 hominum
837 2367 1011 2446 uoluntate,
1051 2377 1142 2450 atque
1173 2369 1379 2433 consensione

268 2455 421 2537 „primam
445 2455 560 2515 duxere
590 2451 762 2534 originem,
795 2471 832 2515 ex
853 2471 949 2534 enque
982 2454 1074 2518 ctiam
1105 2456 1197 2518 hodie
1220 2455 1379 2537 obligandi

268 2544 353 2622 „vim
377 2558 514 2619 eousque
536 2539 688 2616 retinent,
719 2541 833 2617 donee,
866 2542 1043 2623 surrogatis
1066 2541 1156 2620 eliis,
1189 2542 1327 2619 abolita,
1350 2550 1380 2604 et

267 2629 449 2707 „antiquata
471 2625 598 2702 luerint,
621 2625 737 2727 oppido
761 2644 836 2688 sana
859 2627 1057 2690 manifestum
1076 2637 1136 2706 ast,
1158 2631 1196 2691 ad
1214 2630 1379 2710 genuinam

268 2715 417 2795 „illorum
440 2712 647 2814 negotiorum,
667 2709 830 2798 juriumve
849 2713 986 2776 indolem
1007 2715 1279 2795 pervestigandem
1301 2714 1380 2777 illud

268 2800 420 2880 „maxime
443 2799 654 2861 necessarium
677 2817 765 2876 csse,
788 2808 822 2862 ut
845 2819 934 2901 quam
958 2800 1052 2879 primi
1075 2801 1206 2864 illoruni
1225 2807 1381 2877 auctores,

268 2884 528 2966 „conditoresque
551 2893 694 2948 naturam
717 2885 829 2947 iisdem
853 2886 1096 2969 assignaverint,
1119 2888 1230 2968 quidve
1258 2885 1382 2949 defluxu

268 2972 460 3052 „temporis,
489 2979 519 3032 et
540 2991 597 3052 per
619 2971 761 3074 singulas
784 2979 919 3034 aetatum
941 2973 1025 3035 vices
1049 2975 1208 3054 usquead
1231 2992 1381 3053 praesens

164 3061 170 3072 “
269 3078 400 3138 „aevum
415 3057 636 3121 immutatum'
627 3077 659 3120 ιιι
676 3057 803 3128 iisdem
825 3066 878 3122 eut
893 3060 1077 3160 abrogatum
1095 3059 1202 3136 luerit,
1216 3060 1383 3142 diligenter

254 3145 322 3226 ',‚ct
342 3165 411 3208 cum
433 3164 509 3207 oure
524 3143 713 3226 inquiratur
734 3143 803 3207 Hae
821 3145 902 3208 enim
923 3147 1043 3208 ratione
1066 3146 1148 3211 siout
1164 3105 1203 3208 ad
1221 3145 1382 3224 sequentia

133 3239 136 3247 “
211 3264 213 3268 ⁴
270 3231 420 3314 „pulchre
442 3232 547 3294 aditus
576 3230 735 3309 munitur,
765 3229 810 3292 its
832 3251 902 3294 mox
924 3232 956 3293 in
979 3233 1050 3311 ipso
1081 3232 1187 3313 operis
1209 3249 1382 3312 progressu

257 3317 610 3399 ,‚multac‚et1nsigncs
626 3314 829 3380 difficultates
840 3317 925 3382 icelii
940 3336 1034 3400 opere
1050 3318 1190 3402 expediri
1203 3325 1360 3412 poterunt.
1363 3319 1383 3352 “

523 3551 525 3556 Ι
608 3469 613 3478 ·
702 3452 737 3540 §.
765 3451 868 3526 XLV.

610 3617 617 3656 ι.
632 3581 686 3654 Ac
712 3581 930 3652 Lz'ttcrore'a.

286 3727 477 3802 Historiam
495 3726 590 3801 laris
616 3730 749 3824 excipit
774 3727 964 3816 litteraria,
991 3745 1083 3823 quae
1112 3732 1295 3798 auctorum
1315 3724 1385 3798 Ju-

184 3835 362 3929 rispcritia
381 3830 669 3926 praecellentium
697 3829 1001 3918 Lucubrationes,
1040 3838 1077 3901 et
1105 3827 1385 3904 Commentarios

187 3938 359 4027 suggerit,
389 3955 430 4004 ac
456 3931 664 4028 suppeditat.
694 3932 826 4005 Horum
845 3931 1004 4006 nonnulli
1030 3940 1140 4006 totam
1167 3933 1302 4008 hancce
1326 3933 1385 4004 di-

187 4037 369 4132 sciplinam
398 4045 478 4107 sunt
522 4036 718 4130 complexi,
759 4037 898 4131 plurimi
930 4033 1088 4109 eruditos
1116 4053 1202 4111 suos
1237 4046 1385 4110 conatus

186 4139 414 4234 singularium
443 4137 668 4234 quarumdam
696 4143 920 4238 materiarum
942 4135 1260 4237 circumscripsere
1284 4141 1383 4212 lirni-

131 4323 133 4328 ·
216 4295 342 4365 lEdlto
361 4323 446 4374 opere
465 4310 508 4361 cul
527 4310 580 4361 ro
599 4311 674 4362 Ordo
692 4310 765 4364 illst.
783 4313 842 4365 Jur.
863 4311 921 4366 Civ.
937 4311 1026 4398 Hung
1044 4311 1150 4368 Pestlut
1168 4314 1200 4367 Α.
1220 4309 1298 4367 1793

128 4411 131 4419 -
215 4376 605 4448 13)ΒιιΕοιιιίιιΙιιιιι.11ιιιιι.
628 4382 659 4437 C
677 4377 701 4436 1’.
