3158 4864
214 203 286 280 tos

213 379 334 446 vetum
361 372 529 469 respicit3
564 367 667 442 nobis
695 361 839 440 notasse
873 361 1075 455 suffecerit,
1112 357 1291 438 Palatinos
1320 363 1412 436 banc

212 481 427 573 potestatem
454 471 599 569 proprie
628 473 666 544 vi
694 469 1004 541 Locumtenentiae
1022 468 1159 561 Regiae
1189 469 1410 555 exercuisse,

215 578 311 674 quod
328 579 442 671 ipsum
462 576 624 646 eminens
650 571 735 645 illud
753 569 917 643 Coronae
936 571 1018 660 lus,
1046 593 1115 664 quo
1141 568 1241 640 Bona
1258 592 1324 666 per
1344 569 1412 640 de-

213 677 366 764 icctum‚
395 677 456 748 vel
474 687 594 749 notam
613 674 657 748 ad
674 673 813 744 Fiscum
831 673 1005 761 redeunt,
1029 671 1226 764 abindeque
1247 673 1410 742 exlusive

212 803 277 876 per
295 779 443 870 Regiam
461 777 685 868 lllejestatem
702 774 955 862 conferuntur,
982 795 1047 869 per
1066 795 1106 846 se
1134 773 1179 843 ad
1197 772 1411 847 evidentiam

212 900 326 974 usque
353 879 470 952 reddit
499 878 698 963 indubium,
727 880 795 948 etsi
824 875 971 948 historia
1000 885 1218 974 temporum,
1253 873 1412 969 fidesque

215 980 443 1076 diplomatum
459 981 554 1056 istud
572 1000 643 1054 uon
663 977 924 1052 corroboraret.

740 1129 777 1215 §.
807 1129 893 1201 230.

673 1251 872 1326 Indubt'um
891 1269 954 1328 eet.

320 1383 475 1458 Similem
502 1398 652 1472 nemque
679 1378 830 1450 donandi
855 1378 1058 1452 facultatem
1083 1384 1217 1475 primus
1236 1383 1301 1454 sub
1319 1383 1412 1455 Fer-

217 1488 369 1561 ‹linando
398 1484 424 1554 1.
453 1479 604 1552 Alexius
632 1481 772 1569 Turno,
818 1481 935 1552 Judex
965 1480 1092 1553 Curiae
1128 1473 1419 1557 Locumtenentis¹

216 1591 321 1682 Regii
339 1604 484 1659 munere
503 1592 668 1672 ornatus,
697 1585 879 1670 exercuit,
907 1591 1011 1676 atque
1030 1593 1114 1678 post
1131 1583 1223 1654 buno
1240 1583 1312 1654 bini
1330 1587 1412 1656 An-

216 1694 347 1764 tistites
381 1685 509 1758 Paulus
539 1682 582 1753 dc
617 1683 735 1754 verda
776 1682 1033 1776 strigoniensis
1065 1685 1121 1774 ⁸),
1162 1693 1199 1754 et
1231 1685 1414 1760 Emericus

216 1791 345 1885 Ujlaky
379 1787 629 1874 laurinensis,
668 1784 911 1878 eandemque,
950 1785 1054 1856 editis
1084 1787 1222 1859 iurem
1257 1786 1413 1877 Litteris,

216 1915 293 1966 cum
333 1909 478 1962 munere
518 1886 832 1959 Locumtenentiae
862 1889 1054 1958 ,consecuti
1090 1897 1181 1958 sunt.
1231 1888 1297 1960 Ubi
1323 1913 1413 1962 vero
1504 1891 1508 1898 '
1571 1859 1572 1882 Χ

217 1998 265 2070 Αο
298 1993 409 2065 1554.
428 1992 465 2061 in
491 1989 685 2061 Palatinum
713 1989 880 2060 Thomam
910 1989 953 2059 de
972 1988 1115 2061 chasu
1142 1991 1321 2083 exlege,
1349 1992 1414 2063 sub

217 2094 346 2169 Mathia
377 2088 533 2164 Corvino
568 2093 727 2184 perlata,
755 2092 917 2184 Dignitas
946 2090 1234 2164 Locumteuentis
1250 2099 1414 2182 'transiit

217 2199 285 2270 boc
303 2197 416 2290 ipsum
434 2196 471 2263 in
489 2193 688 2288 Diplomate
705 2190 918 2263 Fordinandi
936 2192 963 2262 l.
995 2191 1051 2283 ¹³),
1078 2192 1295 2263 Nedasdium
1314 2216 1358 2265 co
1378 2198 1415 2265 in

217 2299 428 2390 Magistratu
440 2295 637 2366 solenniter
652 2292 904 2383 confirmantis,
917 2294 1013 2364 clare
1033 2315 1244 2386 expressum
1260 2295 1345 2386 lego
1358 2293 1414 2385 ⁴⁵),
1452 2317 1454 2322 ·

219 2410 255 2474 et
272 2400 413 2495 quoties
431 2396 492 2467 ille
511 2398 660 2467 similem
682 2395 898 2486 largiebatur
917 2394 1177 2483 uenationem,
1205 2398 1312 2468 toties
1332 2395 1413 2467 for-

218 2503 345 2575 mulam
364 2507 572 2592 sequentem
591 2506 758 2567 constans
789 2495 943 2568 adhibuit
973 2494 1302 2588 „authoritate
1328 2497 1416 2569 Lo-

220 2601 598 2696 „cumtenentiae
637 2596 847 2673 Nostrae
877 2601 968 2689 (nen
995 2597 1213 2689 Palatiuali),
1251 2621 1342 2693 qua
1369 2602 1415 2670 in

220 2703 469 2797 „absentia
497 2721 613 2772 suae
641 2699 918 2789 Maiestatis
947 2722 1000 2772 ex
1026 2705 1253 2794 gratiosa
1279 2701 1415 2793 Ejus-

146 2863 151 2874 .
219 2803 837 2878 demannuentia-utimnr.“

259 2905 300 2989 *J
325 2903 502 2982 „Quoniam
541 2921 616 2964 vero
645 2902 796 2963 existente
832 2901 976 2963 Palatino
1009 2937 1050 2949 -
1085 2902 1181 2967 verbe
1209 2911 1284 2965 sunt
1312 2905 1415 2987 ipsius

303 2988 516 3069 „Diplomatis
539 3019 580 3032 -
603 3006 692 3049 nemo
704 2988 798 3066 elius,
817 2997 942 3067 praeter
959 2988 1074 3068 ipsum,
1097 2990 1244 3054 Officium
1260 2991 1417 3070 generalis

304 3075 571 3155 ‚‚Oapiteneatus‚
603 3080 659 3134 aut
680 3074 713 3134 in
737 3074 879 3136 absentie
900 3075 1019 3137 Nostra
1040 3077 1151 3138 Lucu
1165 3077 1418 3139 mtenentiae

304 3163 505 3238 „Nostrae
521 3159 672 3239 Regiae
695 3158 827 3238 babere,
850 3170 879 3223 et
902 3180 1044 3224 exercere
1071 3161 1313 3234 cousuevitetc.
1337 3166 1415 3225 ete.“

302 3247 462 3326 Pauloque
492 3244 647 3306 inferius:
670 3243 915 3330 „signanter
943 3266 1051 3321 cero,
1076 3248 1171 3330 quod
1200 3251 1347 3310 attinet
1369 3247 1418 3309 cd

206 3325 209 3330 Δ
305 3329 530 3418 „Officium
552 3329 904 3395 locumtenentiae
933 3332 1014 3394 idem
1037 3334 1176 3396 Thomas
1199 3333 1350 3412 Nedesdy
1372 3365 1415 3376 -

304 3451 368 3495 ‚‚--
394 3450 435 3462 -
457 3416 569 3478 babeat
591 3414 631 3476 in
655 3417 844 3479 absentie
876 3419 1137 3496 nostrates,
1161 3425 1196 3477 et
1220 3415 1415 3477 Autbori-

304 3501 718 3581 „tatemeenferendi
741 3505 936 3582 personis
961 3505 1096 3586 (lignis
1120 3505 1233 3572 bona,
1256 3511 1294 3562 et
1313 3499 1416 3582 jura

304 3589 650 3669 ‚,poeeeeeioncria
671 3607 795 3669 utque
816 3593 984 3673 triginta
1007 3591 1102 3653 duce
1129 3584 1297 3649 Celenae
1319 3587 1415 3650 Jot-

305 3673 519 3756 ‚taqicaee
537 3676 795 3738 eceeiceatoe
818 3693 858 3737 ae
881 3673 1138 3740 extendentia
1160 3677 1217 3733 ete.
1239 3675 1319 3734 ete.“

766 3837 773 3854 .
804 3786 890 3858 231.

469 3904 667 3980 ludicatua
688 3784 826 3982 solane
842 3912 987 4000 Regiae
1004 3910 1166 3984 laeuum.

321 4029 523 4104 Proximum
542 4050 562 4099 a
579 4028 739 4103 Palatino
760 4031 904 4124 gradum
922 4039 1020 4102 tenet
1047 4029 1208 4104 ludex
1236 4030 1347 4105 Curi
1363 4056 1415 4105 ae
1471 4054 1475 4062 ·

248 4203 274 4256 ι)
294 4203 365 4253 Vide
385 4203 498 4266 exempl.
519 4201 602 4252 litter.
622 4203 738 4255 collatae
758 4218 807 4268 per
824 4205 905 4253 Ferd.
923 4203 944 4254 l.
962 4205 1166 4258 Locumtenent.
1187 4208 1212 4257 ln
1232 4206 1312 4272 Corn.
1328 4209 1415 4261 turta,

246 4267 274 4334 6
295 4271 418 4406 ult
433 4272 951 4410 tutatunellum·
966 4276 1042 4396 tir
1064 4276 1328 4412 tributu
1343 4280 1414 4332 656
