3122 4852
747 378 784 465 §·
813 377 898 451 495.

691 529 790 616 Quid
813 544 975 602 catenae.

333 675 448 748 Prima
464 675 631 768 vestigia,
659 678 753 771 quod
770 677 885 771 Regni
905 674 1052 750 Comitia
1071 695 1174 746 curas
1192 673 1236 746 ad
1253 671 1426 768 publicam

233 779 492 852 Institutionem
523 779 775 873 applicuerint,
800 782 846 851 A.
869 781 977 852 1548.
1003 787 1198 850 recurrunt
1227 775 1427 850 Ordinalta·

233 891 290 952 tur
320 881 353 970 ¹)
381 889 512 968 cotum,
539 889 578 952 ut
603 882 754 954 Praelati
779 881 930 955 Scholas
955 883 1115 972 erigant,
1142 903 1184 952 ac
1209 879 1321 972 Regia
1345 877 1428 950 lila-

230 983 346 1072 jesias
377 981 481 1054 bonis
499 981 642 1055 Litteris
672 1006 816 1080 oporam
857 982 1065 1058 navantibus
1095 982 1139 1054 ad
1166 981 1280 1055 studia
1308 984 1428 1054 conti-

234 1083 373 1158 nuanda
402 1085 594 1180 providere
615 1085 786 1180 dignetur,
814 1086 955 1158 deserta
973 1085 1281 1176 Monasteriorum,
1300 1095 1337 1158 at
1355 1081 1428 1157 Ca·

234 1185 424 1281 pitulorum
454 1186 546 1260 bona
564 1193 690 1283 partim
708 1211 773 1285 pro
802 1189 915 1262 doctis
933 1187 1101 1262 Paroclris
1128 1186 1277 1276 alendis,
1303 1191 1429 1283 partim

235 1292 272 1362 in
290 1287 445 1362 subsidia
465 1289 646 1364 studiosae
672 1293 894 1383 iuventutis,
921 1290 1242 1386 Magistroramqne
1269 1289 1428 1362 dotatio-

235 1414 316 1464 nem
336 1403 610 1482 eonvertantur‚
638 1394 776 1490 hacque
791 1398 827 1467 in
852 1417 894 1468 re
919 1399 1200 1488 tergiversantes
1220 1394 1429 1466 auctoritate

235 1497 335 1586 regia
365 1495 633 1614 compellantur.
661 1498 832 1570 Salutaris
860 1497 963 1588 hujus
993 1497 1241 1569 sollicitudinis
1270 1495 1431 1567 electum

235 1605 319 1692 post
336 1595 514 1668 biennium
534 1598 753 1689 Regnicolaa
773 1599 887 1670 denuo
907 1599 1117 1670 adurserunt
1147 1597 1203 1688 ⁵),
1231 1599 1332 1688 cujus
1352 1597 1432 1668 ori-

235 1699 377 1788 ginem,
404 1706 440 1766 ct
458 1717 606 1784 causas,
634 1704 694 1792 qni
712 1701 885 1770 rationem
903 1699 1043 1770 illorum
1071 1711 1268 1794 temporum
1287 1720 1433 1793 expon-

237 1796 371 1886 derint,
398 1795 505 1870 lacile
522 1803 714 1893 reperient.

759 2007 796 2098 ς.
825 2006 912 2080 496.

595 2157 845 2230 Oomztz‘clz'ter
870 2156 1068 2229 decretum.

336 2305 416 2375 Pari
435 2304 696 2394 sollicitudine,
725 2302 856 2376 Oarolo
876 2302 935 2374 ΙΙΙ.
956 2325 1073 2374 rerum
1090 2302 1329 2392 moderatore,
1349 2311 1431 2375 stu-

235 2403 291 2477 dia
311 2408 426 2476 omnia
445 2410 550 2478 statui
570 2405 736 2501 publico,
765 2416 801 2475 et
827 2405 968 2477 militari
995 2404 1258 2494 deservientia,
1286 2406 1431 2499 quaein
1545 2475 1546 2486 ,

235 2510 370 2578 exteris
395 2507 598 2580 Academiis
637 2507 759 2578 doceri
794 2507 933 2594 solent,
978 2508 1014 2578 in
1057 2506 1261 2580 domesticis
1290 2527 1431 2600 quoque

235 2608 481 2705 pertractanda
509 2618 709 2682 statuuntur
739 2609 782 2700 ⁶).
828 2608 1002 2682 Novimus
1031 2607 1158 2682 deindo
1190 2614 1226 2680 in
1259 2607 1431 2697 comitiis,

237 2710 301 2782 sub
320 2709 504 2804 leopoldo
524 2710 567 2781 ΙΙ.
598 2709 746 2801 habitis,
773 2734 838 2807 pro
868 2721 1063 2807 systemate
1092 2711 1310 2805 generalium
1323 2712 1434 2805 prin-

236 2813 408 2904 cipiorum
434 2814 622 2885 nationalis
650 2814 872 2886 educationis
910 2813 1127 2886 elaborando
1154 2814 1432 2908 deputationem,

234 2911 346 2985 salvis
379 2907 521 2986 Jurihus
549 2915 692 3008 Regiis,
728 2914 841 2987 fuisse
870 2916 1048 2987 decretam
1079 2912 1139 3007 d),
1169 2917 1249 2988 dein
1280 2914 1432 2987 studium

233 3013 377 3108 lingvae
405 3015 618 3108 hungaricae
649 3020 683 3088 in
711 3017 870 3112 publicas
900 3017 1043 3090 scholas
1071 3017 1317 3090 introductum.
1363 3016 1431 3088 Ubi

234 3127 351 3189 autam
383 3123 517 3192 nostris
546 3120 764 3216 temporibus
798 3117 958 3192 militaris
985 3120 1176 3192 Academia
1206 3119 1432 3216 Lndovicaea

235 3218 375 3292 fundari
394 3222 525 3316 coepit,
547 3243 623 3293 cum
655 3221 691 3292 id
717 3223 938 3315 magnanima
966 3221 1192 3294 Offerentium
1220 3219 1431 3294 liberalitate

236 3319 360 3412 fieret,
388 3323 490 3396 simul
508 3346 653 3412 norma,
682 3346 723 3396 ac
743 3325 834 3395 ratio
854 3322 1077 3414 Studiorum,
1097 3327 1275 3422 totiusque
1295 3323 1431 3396 educa-

235 3425 365 3515 tionis,
391 3424 439 3496 ibi
466 3425 582 3498 locum
601 3425 788 3522 aliquando
815 3423 1016 3516 habiturae,
1043 3427 1234 3502 Decretum
1254 3424 1432 3500 comitiale

237 3529 399 3622 ingressa
428 3539 494 3602 est.

789 3735 797 3752 .
828 3681 913 3754 497.

550 3808 596 3878 In
621 3814 748 3898 aperie
763 3681 821 3879 §de
852 3807 1109 3881 Hammonem.

337 3949 569 4026 Executivam
594 3963 809 4048 potestatam
835 3957 872 4030 in
899 3955 1031 4044 libera,
1059 3976 1161 4049 quam
1188 3925 1316 4052 quovis
1335 3962 1432 4027 tem·

231 4076 441 4096 —q——r

266 4117 293 4182 ι)
312 4122 371 4172 nar.
390 4122 414 4173 e.
433 4124 459 4174 r.
478 4127 507 4174 et
526 4124 567 4176 11.

265 4206 293 4267 tt
311 4208 388 4260 reso.
408 4207 453 4261 11.

267 4295 295 4363 ο)
315 4295 391 4346 arsa.
409 4295 452 4346 to.
607 4347 610 4353 ,

267 4376 391 4443 111111.
411 4380 500 4435 11111
521 4377 564 4434 67.
