3124 4868
326 394 528 482 „Hungariae
550 393 759 478 incorporata,
781 401 811 458 et
832 395 870 456 erl
893 393 1003 456 borum
1024 389 1192 479 cujuslibet
1214 388 1452 456 conservatio-

326 505 427 564 ,‚nem,
450 492 480 546 el
496 482 698 546 uunllniorunr
717 481 926 544 defensionem
946 499 1001 560 per
1017 479 1314 562 Regem‚Reginam‚
1336 477 1452 540 Prae-

326 573 430 650 „latos
452 571 548 633 Viros
581 569 829 645 ecclesiasticos,
861 575 891 630 el
924 569 1175 630 communitatem
1209 565 1387 641 Nobilium,
1416 572 1453 630 et

327 657 659 740 „possessionatorum
689 656 847 718 homiuum
877 655 1055 716 necessario
1088 673 1210 734 semper
1242 661 1290 716 cst
1312 651 1448 716 intelli-

327 745 513 828 „gendum.“
535 741 696 804 Posterior
713 739 874 821 sequentia
896 739 1002 802 babet:
1033 741 1142 818 „Licet
1169 740 1199 802 in
1223 741 1450 821 praecedenti-

326 831 407 909 „bus
431 829 623 908 sufficienter
645 848 701 909 per
722 825 919 912 Majestatem
944 827 1059 909 regiam
1076 827 1119 890 sit
1136 833 1261 902 tactum,
1285 827 1449 906 quomodo

329 919 414 994 „Sua
436 913 588 1001 lllajestas
612 915 678 977 vult
711 933 766 996 per
794 913 974 990 Praelatos,
1003 914 1160 991 Berones,
1191 920 1222 975 et
1252 911 1448 994 Regnicolas

331 1023 409 1084 „per
431 1020 613 1082 expressum
638 999 795 1063 declarare
824 1017 923 1080 usque
955 1018 1043 1080 quem
1068 1000 1188 1074 locum,
1219 1006 1250 1061 et
1272 1000 1447 1062 terminum

329 1089 555 1168 „communitas
600 1086 839 1170 Regnicolarum
887 1086 1042 1167 generalis
1082 1084 1236 1150 exercitus
1276 1085 1448 1167 ingruente

329 1177 534 1253 „necessitate
557 1182 699 1237 uneetur
722 1172 887 1256 prolicisci,
909 1182 939 1235 ct
961 1173 1054 1236 etiam
1078 1173 1224 1255 quamdiu
1244 1178 1327 1234 stare
1344 1173 1450 1235 (lebe-

329 1273 398 1342 „ret
419 1263 451 1325 iu
473 1265 597 1334 eodemr
622 1281 728 1324 rerum
751 1269 852 1323 tamen
875 1259 969 1322 sicuti
991 1261 1080 1340 prius
1097 1260 1318 1340 scriptumest,
1332 1257 1449 1340 Regna

329 1349 542 1426 „Dalmatiae,
574 1348 738 1425 croatiae,
767 1348 899 1422 Ramae,
930 1347 1080 1424 Serviac,
1110 1345 1261 1422 Bosuiae,
1293 1343 1450 1423 Gabalos,

329 1436 566 1514 „laodomariaa
590 1445 619 1498 et
642 1434 806 1516 bulgariae
830 1435 945 1496 dudum
969 1441 998 1494 et
1021 1432 1112 1496 etiam
1136 1442 1274 1512 tempore
1292 1431 1450 1494 Serenis-

270 1589 273 1594 ,
327 1522 423 1598 „siml
445 1522 571 1584 Domini
594 1522 747 1586 Ludovici
772 1520 865 1602 Regis
891 1517 1071 1582 recolendae
1094 1519 1259 1582 memoriae
1279 1519 1316 1582 ad
1336 1517 1450 1584 Coro-

329 1627 431 1686 „nam,
455 1615 484 1670 et
506 1609 646 1691 Regnum
668 1606 851 1690 Hungariae
874 1605 1124 1688 pertinuerunt.“

762 1799 799 1888 §.
829 1799 914 1870 553.

577 1951 745 2026 ,lle’le'turc
764 1949 944 2022 obstricto
957 1954 1103 2044 fucrit?

343 2103 544 2175 Provouant
574 2102 610 2172 in
640 2102 853 2172 contrarium
880 2097 1039 2172 nonnulli
1077 2096 1120 2171 ad
1154 2097 1264 2170 verba
1292 2095 1444 2170 Decreti

242 2203 408 2276 Andreae
439 2205 471 2294 ⁸)
503 2203 628 2294 „nubis
657 2202 866 2274 iacientibus
902 2205 1095 2274 exercitum
1132 2210 1233 2272 extra
1260 2200 1440 2292 Regnum,

246 2306 417 2400 „Nobiles
446 2305 630 2376 nobiscum
656 2309 708 2376 ire
728 2328 800 2377 non
819 2313 1026 2391 teneantur,
1062 2305 1131 2377 uisi
1150 2298 1305 2374 Comites
1323 2321 1442 2396 paro-

241 2409 401 2500 „chiani,
429 2406 668 2501 stipendiarii,
704 2417 739 2478 el
771 2407 1038 2501 Jobbagyiones
1067 2408 1197 2493 castri,
1236 2414 1272 2476 et
1303 2406 1361 2498 qui
1391 2425 1443 2475 ex

242 2511 384 2604 „Ollieio
413 2510 529 2581 debito
558 2519 743 2596 tenentur,
774 2508 946 2604 quibus
975 2507 1155 2602 amplas
1185 2507 1441 2577 concessi-

242 2633 358 2704 ,mus
396 2610 776 2706 possessionem
815 2610 1002 2704 dicuntque
1040 2628 1105 2680 eos
1142 2607 1363 2679 adminimum
1392 2607 1439 2678 de

239 2713 451 2801 Nobilitate,
480 2715 539 2807 qui
567 2712 698 2807 amplas
726 2715 979 2806 possessiones
1007 2713 1250 2805 accepissent,
1286 2709 1440 2800 Regem,

240 2837 310 2910 quo
328 2815 441 2902 volet,
462 2817 563 2906 sequi
581 2813 724 2886 debere.
745 2812 810 2886 Hie
828 2824 983 2885 attamen
1001 2833 1221 2907 nequequam
1234 2811 1439 2905 promiscue

239 2916 454 3008 subintelligi
484 2918 736 3009 possessiones
766 2917 913 3010 privatis
943 2914 1198 3002 haereditarie,
1236 2911 1316 2986 sed
1351 2912 1438 2984 sub

240 3018 519 3092 conditione
559 3016 929 3089 determinatum
967 3017 1163 3087 militum
1200 3035 1440 3086 numerum

237 3121 284 3194 in
320 3130 485 3194 castra
514 3118 747 3193 educendi
776 3119 890 3212 (189)
929 3117 1098 3206 collatas,
1136 3125 1194 3190 aut
1231 3119 1334 3187 etium
1369 3138 1456 3211 pro·

126 3304 127 3307 ,
240 3224 356 3298 officio
388 3240 608 3311 concessus,
642 3223 686 3293 iis
722 3244 871 3317 nempe,
911 3239 1001 3314 quos
1027 3219 1128 3292 Bulla
1164 3240 1270 3292 aurea
1303 3237 1368 3312 per
1402 3217 1441 3289 id

241 3329 339 3420 ,qui
367 3320 634 3396 Comitatus
661 3323 857 3396 habenu‘
887 3325 1066 3415 expressit
1096 3315 1145 3412 ¹³),
1173 3321 1332 3394 docetel
1351 3339 1439 3391 usus

239 3431 478 3523 posteriorum
497 3425 717 3515 seculorum,
745 3435 781 3497 et
807 3425 908 3517 leges
935 3422 1152 3496 clarissimae
1184 3423 1230 3512 ⁰),
1258 3441 1348 3516 quae
1367 3443 1437 3492 nec

238 3528 471 3602 Bandcriatos
498 3527 636 3620 quidem
664 3528 755 3599 ultra
779 3526 895 3618 Regni
923 3533 1034 3597 metas
1062 3524 1238 3597 ordinarie
1256 3519 1442 3618 proficisci

240 3630 417 3719 debuisse,
445 3630 558 3723 palam
586 3628 729 3701 faciunt.
767 3628 864 3700 Haec
891 3629 996 3719 igitur
1025 3637 1061 3698 et
1088 3627 1141 3699 his
1170 3625 1317 3712 adliniu,
1346 3645 1438 3718 quac

239 3734 275 3803 in
292 3731 400 3802 Belae
428 3729 489 3800 IV.
509 3731 663 3801 Decreto
693 3733 958 3826 praecipiuntur
976 3726 1028 3822 ἢ,
1058 3733 1142 3801 satis
1163 3728 1329 3818 indicunt,
1357 3725 1440 3797 No-

238 3834 343 3906 bilem
370 3833 511 3903 nonnisi
542 3840 670 3924 sponte
709 3841 745 3904 et
776 3829 949 3925 stipendia
978 3835 1107 3902 mereri
1134 3830 1315 3904 volentem
1343 3850 1441 3898 arma

240 3947 340 4009 extra
370 3934 532 4026 Regnum
559 3933 776 4028 protulisse,
813 3934 882 4022 nisi
916 3932 978 4004 lex
1005 3936 1159 4028 positiva
1191 3936 1228 4004 in
1260 3923 1443 4026 specificis

239 4037 379 4112 casibus
406 4037 508 4106 aliter
530 4035 711 4125 jussisset.

233 4187 454 4202 Μ

221 4309 224 4316 ,
267 4245 296 4312 'l
316 4249 346 4298 lu
367 4247 412 4300 cll.
429 4246 525 4312 Suppl.
545 4261 570 4312 p.
588 4243 649 4300 411.

268 4330 297 4395 b)
316 4333 393 4385 1222.
413 4334 438 4384 7.

270 4413 293 4482 el
313 4414 389 4472 laea.
407 4417 448 4473 aa.
467 4423 496 4472 er
514 4419 555 4475 re.
574 4448 609 4460 -
627 4414 704 4476 eece.
723 4419 765 4476 1⁷.
784 4438 819 4453 -
838 4415 916 4474 eaeo,
935 4411 959 4472 a,
978 4439 1009 4456 .
1032 4412 1109 4473 1022,
1128 4415 1174 4472 Μ,
1234 4443 1240 4450 ,
1259 4407 1267 4414 ,
