3158 4864
1284 248 1354 321 161

155 411 298 494 rantur,
327 403 487 499 ambigua
516 408 666 497 tollere,
695 417 801 503 atque
826 407 978 502 provido
1005 417 1283 506 temperamento
1311 415 1357 488 ad
1416 387 1424 402 ’

156 509 368 580 seinvicem
388 508 581 580 conciliare
600 509 808 599 adlaboret,
835 509 969 583 verbo:
998 521 1037 582 ut
1062 534 1140 584 eam
1157 511 1202 584 ad
1220 513 1355 588 firmis·

155 611 279 680 simum
296 608 433 702 Regem
451 613 564 700 inter,
592 633 634 681 ac
652 611 821 706 Populum
841 610 989 683 liduciae
1006 614 1186 685 vinculum
1204 617 1355 710 amplius

154 709 441 804 adstringendum
468 710 653 802 adhibeat,
690 736 759 808 quo
797 715 939 785 nonnisi
976 713 1092 788 fausta
1121 720 1355 810 persistente,

152 808 269 884 fausta
288 813 392 884 stabit
420 814 589 908 deinceps
606 813 812 908 Hungaria3
832 814 916 909 quid
944 817 1012 888 ista
1029 816 1236 889 Mediatoris
1261 841 1353 913 pro-

150 915 269 986 vincia
291 913 436 1008 fulgori,
464 935 690 1010 summaeque
709 917 845 1009 Regiae
866 915 1064 1007 lllajestatis
1085 921 1256 1013 potestati
1277 919 1348 992 de-

153 1035 303 1109 cerpere
328 1018 515 1112 aliquando
533 1017 719 1107 valuisset,
746 1017 828 1113 quid
846 1017 963 1111 Regni
989 1019 1135 1092 obesset
1158 1019 1352 1094 felicitati?

153 1120 185 1191 si
208 1118 252 1188 ad
276 1129 423 1208 rectam,
458 1129 563 1214 atque
587 1123 775 1212 genuinam
806 1128 934 1190 metam
963 1120 1123 1210 ejusdem
1149 1125 1352 1217 respiciam,

151 1239 300 1314 prorsus
329 1242 402 1294 non
432 1223 619 1315 concipio,
646 1244 726 1294 nam
745 1221 869 1309 abusu,
899 1242 964 1293 seu
986 1223 1184 1312 malitioso,
1215 1245 1280 1296 seu
1308 1224 1354 1296 ob

153 1321 329 1392 defectum
350 1333 507 1394 maturae
538 1321 651 1393 solum
682 1325 940 1417 experientiae,
970 1323 1221 1395 accedentibus
1242 1346 1354 1418 prae·-

153 1425 273 1493 sertim
291 1425 480 1496 malesanis
500 1419 680 1512 Consiliis,
693 1419 697 1432 '
711 1426 870 1495 instituta
898 1444 1105 1518 quaequae,
1133 1428 1348 1517 aequissima

153 1545 279 1613 secus,
306 1538 343 1596 et
367 1527 552 1597 utilissima
580 1524 624 1595 ad
644 1524 790 1596 ciendos
818 1526 948 1596 noxios
978 1535 1130 1598 eventus
1167 1545 1346 1620 persaepe

153 1624 357 1721 detorqueri
382 1637 552 1723 possunt,
579 1636 614 1698 at
641 1627 735 1700 istud
764 1647 837 1696 non
870 1628 937 1713 rei,
963 1648 1088 1699 verum
1120 1626 1348 1726 abutentium,

153 1725 367 1824 abusumque
387 1752 459 1800 non
477 1728 754 1800 refraenantium
780 1729 903 1800 vitium
922 1737 988 1798 est.

172 1847 208 1932 *)
231 1853 280 1914 Ad
294 1852 372 1913 bane
392 1852 506 1932 quippe
524 1851 746 1927 Mediationcm
762 1849 910 1912 allusisse
925 1850 1202 1914 videturAndreas
1210 1851 1264 1928 11,
1282 1859 1352 1916 sta-

236 1939 351 1998 tuendo
376 1947 435 1997 art.
465 1935 518 1996 et.
546 1937 695 2015 palmaris
719 1937 768 1997 sui
793 1935 938 1996 Decretis
984 1935 1048 2012 „Ut
1076 1936 1171 2019 hujus
1195 1937 1353 2017 exemplar

238 2022 426 2099 „septimum
451 2023 533 2119 apud
548 2021 735 2119 Palatinum,
757 2020 810 2098 qui
824 2037 882 2098 pro
901 2027 1040 2097 tempore
1067 2021 1179 2120 luerit,
1202 2041 1351 2085 reserve-

237 2113 321 2269 :tlt
337 2106 406 2272 lt
421 2106 1197 2273 ttttttttlltltttuttt‘ftttttttlt
1217 2105 1353 2254 tttu

185 2275 893 2364 -‚fflffimmfflwmmmmmm“
1209 2293 1212 2299 ·

534 2516 589 2587 Ac
614 2511 762 2604 reliqua
776 2503 949 2604 polzta‘ca.

255 2635 460 2708 Monueram
489 2637 599 2724 alias,
634 2657 699 2731 per
732 2635 836 2728 legas
865 2633 1067 2730 penultimis
1097 2631 1160 2706 sub
1190 2631 1349 2708 Comitiis

153 2736 326 2828 conditas,
353 2740 470 2809 munia
493 2737 761 2830 Magistratuum
791 2737 1011 2831 publicorum
1039 2737 1260 2831 primigenia,
1288 2737 1351 2810 vel

153 2842 268 2912 scrius
287 2839 402 2911 addita
421 2839 611 2933 palmarem
632 2839 756 2910 tulisse
776 2841 1016 2926 mutationem,
1035 2859 1080 2910 ne
1099 2841 1217 2932 itaque
1237 2860 1348 2932 prae-

152 2942 372 3036 occupando,
393 2963 482 3034 quae
502 2946 575 3014 suis
595 2941 685 3012 locis
704 2951 871 3036 repetere
891 2947 1087 3034 oporteret,
1107 2948 1142 3010 et
1154 2938 1196 3011 ab
1210 2939 1348 3030 ordine,

152 3063 334 3138 scopoqua
354 3042 437 3113 mibi
454 3046 665 3137 praestituto
686 3039 921 3130 deflectendo,
941 3040 1034 3111 iilum
1053 3039 1260 3112 historicum
1279 3039 1347 3112 ab·

151 3165 320 3239 rumpam,
346 3153 472 3215 vetera
491 3141 675 3216 enarrabo.
704 3137 747 3213 Et
770 3146 838 3214 ista
866 3142 1028 3238 quidem,
1054 3161 1144 3235 quae
1164 3143 1258 3212 cirea
1277 3163 1347 3234 pu-

150 3243 277 3317 blicam
295 3245 631 3318 administrationem
648 3244 806 3317 Palatino
826 3243 957 3336 Leges,
978 3253 1013 3316 et
1032 3240 1259 3315 Consuetudo
1280 3246 1348 3313 tri-

150 3345 311 3436 buerant,
340 3346 521 3419 commodo
541 3347 584 3418 ad
611 3346 811 3442 politicam,
833 3347 1037 3433 militarem,
1066 3354 1101 3415 et
1126 3343 1348 3433 judiciariam

154 3452 400 3521 auctoritatem
421 3447 615 3520 revocabo.
634 3447 860 3518 Politicorum
879 3451 1036 3542 speciem
1053 3455 1346 3539 repraesentant:

150 3547 177 3620 Ι.
197 3550 414 3623 Praesidium
432 3552 468 3621 in
493 3549 610 3641 Regni
635 3546 896 3635 conventibus,
932 3547 1116 3640 speciatim
1154 3546 1191 3614 in
1216 3545 1349 3616 'Pabula

150 3651 363 3740 Procerum,
403 3661 439 3722 et
462 3651 506 3723 ad
530 3650 680 3744 Regium
705 3646 1029 3720 Locumtcnentiala
1060 3642 1263 3716 Consilium.
1302 3641 1346 3716 ll.

152 3751 323 3848 Suprema
348 3750 494 3843 Cassae,
524 3762 561 3824 et
589 3750 738 3824 Archivi
755 3751 871 3844 Regni
896 3770 993 3838 cura,
1020 3756 1160 3840 exque
1187 3750 1348 3840 potenti-

150 3852 216 3926 bus
235 3855 443 3926 'l’ransumta
464 3853 741 3949 expediebantur
771 3854 817 3943 ⁸).
844 3850 903 3922 lll.
924 3849 987 3924 Jus
1008 3849 1146 3922 dativos
1172 3845 1348 3940 largiendi

153 3955 305 4027 Tutores
336 3955 382 4045 ¹³).
413 3956 472 4027 IV.
484 3957 645 4050 Denique
666 3953 759 4048 quod
775 3957 811 4026 in
832 3952 949 4025 arduis
960 3951 1114 4046 negotiis
1133 3970 1199 4044 per
1211 3948 1347 4042 Regem

152 4056 308 4150 exlege
328 4059 373 4130 sit
391 4057 628 4132 consulendus
659 4059 701 4147 ⁰).

180 4220 207 4286 ¹)
227 4226 303 4278 teas.
322 4228 365 4280 31.
396 4285 400 4299 ,
457 4251 459 4254 -

180 4292 208 4352 ¹²)
227 4297 305 4349 rese.
324 4297 572 4350 ao.-1aro.es.
593 4295 615 4360 t.
634 4295 841 4352 urt.1aes.ss.
929 4297 932 4304 ·

181 4363 207 4430 ο)
227 4363 306 4422 1741,
325 4370 367 4420 11.
384 4365 408 4432 t.
427 4368 452 4420 s.
472 4367 609 4422 rasura
