<?xml version="1.0" encoding="UTF-8"?>
<!DOCTYPE html PUBLIC "-//W3C//DTD XHTML 1.0 Transitional//EN"
    "http://www.w3.org/TR/xhtml1/DTD/xhtml1-transitional.dtd">
<html xmlns="http://www.w3.org/1999/xhtml" xml:lang="en" lang="en">
 <head>
  <title>
</title>
<meta http-equiv="Content-Type" content="text/html;charset=utf-8" />
  <meta name='ocr-system' content='tesseract 3.04.00' />
  <meta name='ocr-capabilities' content='ocr_page ocr_carea ocr_par ocr_line ocrx_word'/>
</head>
<body>
  <div class='ocr_page' id='page_1' title='image "./conspectusjuris00czirgoog_0497.png"; bbox 0 0 3110 4882; ppageno 0'>
   <div class='ocr_carea' id='block_1_1' title="bbox 440 361 1097 597">
    <p class='ocr_par' dir='ltr' id='par_1_1' title="bbox 440 361 1097 597">
     <span class='ocr_line' id='line_1_1' title="bbox 694 361 844 448; baseline -0.013 -16"><span class='ocrx_word' id='word_1_1' title='bbox 694 361 729 448; x_wconf 89' lang='lat'><strong>§.</strong></span> <span class='ocrx_word' id='word_1_2' title='bbox 760 361 844 432; x_wconf 89' lang='grc' dir='ltr'><strong>71ι1.</strong></span> 
     </span>
     <span class='ocr_line' id='line_1_2' title="bbox 440 508 1097 597; baseline -0.002 -15"><span class='ocrx_word' id='word_1_3' title='bbox 440 509 590 597; x_wconf 74' lang='lat' dir='ltr'><strong>objecta</strong></span> <span class='ocrx_word' id='word_1_4' title='bbox 608 508 951 582; x_wconf 63' lang='lat' dir='ltr'><strong>administrationis</strong></span> <span class='ocrx_word' id='word_1_5' title='bbox 970 508 1097 581; x_wconf 78' lang='lat' dir='ltr'><strong>cr&#39;vilr‘e.</strong></span> 
     </span>
    </p>
   </div>
   <div class='ocr_carea' id='block_1_2' title="bbox 164 678 1366 1594">
    <p class='ocr_par' dir='ltr' id='par_1_2' title="bbox 164 678 1366 1594">
     <span class='ocr_line' id='line_1_3' title="bbox 270 678 1366 778; baseline 0.004 -26"><span class='ocrx_word' id='word_1_6' title='bbox 270 680 438 772; x_wconf 78' lang='lat' dir='ltr'><strong>Obiecta,</strong></span> <span class='ocrx_word' id='word_1_7' title='bbox 467 692 719 778; x_wconf 88' lang='lat' dir='ltr'><strong>quaepreeter</strong></span> <span class='ocrx_word' id='word_1_8' title='bbox 745 678 850 752; x_wconf 92' lang='lat' dir='ltr'><strong>modo</strong></span> <span class='ocrx_word' id='word_1_9' title='bbox 878 679 1089 774; x_wconf 85' lang='lat' dir='ltr'><strong>explicatam</strong></span> <span class='ocrx_word' id='word_1_10' title='bbox 1107 704 1289 758; x_wconf 86' lang='lat' dir='ltr'><strong>munerum</strong></span> <span class='ocrx_word' id='word_1_11' title='bbox 1308 688 1366 756; x_wconf 89' lang='lat' dir='ltr'><strong>ei-</strong></span> 
     </span>
     <span class='ocr_line' id='line_1_4' title="bbox 168 781 1363 874; baseline 0.002 -18"><span class='ocrx_word' id='word_1_12' title='bbox 168 785 328 856; x_wconf 88' lang='lat' dir='ltr'><strong>vicorum</strong></span> <span class='ocrx_word' id='word_1_13' title='bbox 347 789 668 874; x_wconf 68' lang='lat' dir='ltr'><strong>restaurationem,</strong></span> <span class='ocrx_word' id='word_1_14' title='bbox 695 804 764 855; x_wconf 90' lang='lat' dir='ltr'><strong>nec</strong></span> <span class='ocrx_word' id='word_1_15' title='bbox 789 802 861 853; x_wconf 91' lang='lat' dir='ltr'><strong>uon</strong></span> <span class='ocrx_word' id='word_1_16' title='bbox 889 781 1132 874; x_wconf 84' lang='lat' dir='ltr'><strong>ablegatorum</strong></span> <span class='ocrx_word' id='word_1_17' title='bbox 1151 787 1363 859; x_wconf 76' lang='lat' dir='ltr'>electionem</span> 
     </span>
     <span class='ocr_line' id='line_1_5' title="bbox 167 880 1364 984; baseline 0.003 -28"><span class='ocrx_word' id='word_1_18' title='bbox 167 885 395 978; x_wconf 73' lang='lat' dir='ltr'><strong>Magistratus</strong></span> <span class='ocrx_word' id='word_1_19' title='bbox 415 898 450 960; x_wconf 90' lang='lat' dir='ltr'><strong>et</strong></span> <span class='ocrx_word' id='word_1_20' title='bbox 468 890 503 960; x_wconf 92' lang='lat' dir='ltr'><strong>in</strong></span> <span class='ocrx_word' id='word_1_21' title='bbox 522 897 622 984; x_wconf 88' lang='lat' dir='ltr'><strong>parte</strong></span> <span class='ocrx_word' id='word_1_22' title='bbox 642 886 747 958; x_wconf 89' lang='lat' dir='ltr'><strong>electi</strong></span> <span class='ocrx_word' id='word_1_23' title='bbox 777 880 883 957; x_wconf 82' lang='lat' dir='ltr'><strong>Cives</strong></span> <span class='ocrx_word' id='word_1_24' title='bbox 912 885 1076 977; x_wconf 85' lang='lat' dir='ltr'><strong>agendo,</strong></span> <span class='ocrx_word' id='word_1_25' title='bbox 1106 889 1364 962; x_wconf 90' lang='lat' dir='ltr'><strong>consultando-</strong></span> 
     </span>
     <span class='ocr_line' id='line_1_6' title="bbox 168 985 1366 1084; baseline 0.002 -24"><span class='ocrx_word' id='word_1_26' title='bbox 168 1010 235 1081; x_wconf 91' lang='lat' dir='ltr'><strong>que</strong></span> <span class='ocrx_word' id='word_1_27' title='bbox 273 987 461 1080; x_wconf 91' lang='lat' dir='ltr'><strong>deliniunt,</strong></span> <span class='ocrx_word' id='word_1_28' title='bbox 495 991 556 1065; x_wconf 90' lang='lat' dir='ltr'><strong>vel</strong></span> <span class='ocrx_word' id='word_1_29' title='bbox 591 989 836 1084; x_wconf 85' lang='lat' dir='ltr'><strong>exequuntur,</strong></span> <span class='ocrx_word' id='word_1_30' title='bbox 864 985 922 1058; x_wconf 89' lang='lat' dir='ltr'><strong>hic</strong></span> <span class='ocrx_word' id='word_1_31' title='bbox 956 987 1076 1061; x_wconf 90' lang='lat' dir='ltr'><strong>itidem</strong></span> <span class='ocrx_word' id='word_1_32' title='bbox 1109 991 1179 1062; x_wconf 86' lang='lat' dir='ltr'><strong>alia</strong></span> <span class='ocrx_word' id='word_1_33' title='bbox 1208 1001 1289 1064; x_wconf 88' lang='lat' dir='ltr'><strong>sunt</strong></span> <span class='ocrx_word' id='word_1_34' title='bbox 1314 1029 1366 1051; x_wconf 81' lang='lat'><strong>--</strong></span> 
     </span>
     <span class='ocr_line' id='line_1_7' title="bbox 167 1088 1365 1192; baseline 0.003 -32"><span class='ocrx_word' id='word_1_35' title='bbox 167 1090 261 1184; x_wconf 93' lang='lat' dir='ltr'><strong>quod</strong></span> <span class='ocrx_word' id='word_1_36' title='bbox 279 1094 395 1192; x_wconf 86' lang='lat' dir='ltr'><strong>quivis</strong></span> <span class='ocrx_word' id='word_1_37' title='bbox 414 1091 700 1186; x_wconf 30' lang='lat' dir='ltr'><strong>pervidet-facile</strong></span> <span class='ocrx_word' id='word_1_38' title='bbox 718 1131 770 1143; x_wconf 91' lang='lat'>—</span> <span class='ocrx_word' id='word_1_39' title='bbox 787 1089 954 1182; x_wconf 90' lang='lat' dir='ltr'><strong>politica,</strong></span> <span class='ocrx_word' id='word_1_40' title='bbox 973 1088 1041 1161; x_wconf 91' lang='lat' dir='ltr'><strong>alia</strong></span> <span class='ocrx_word' id='word_1_41' title='bbox 1061 1096 1308 1183; x_wconf 88' lang='lat' dir='ltr'><strong>oeconomica,</strong></span> <span class='ocrx_word' id='word_1_42' title='bbox 1328 1102 1365 1164; x_wconf 92' lang='lat' dir='ltr'><strong>et</strong></span> 
     </span>
     <span class='ocr_line' id='line_1_8' title="bbox 167 1192 1365 1288; baseline 0.003 -25"><span class='ocrx_word' id='word_1_43' title='bbox 167 1192 234 1264; x_wconf 87' lang='lat' dir='ltr'><strong>alia</strong></span> <span class='ocrx_word' id='word_1_44' title='bbox 248 1193 411 1281; x_wconf 87' lang='lat' dir='ltr'><strong>jnridica.</strong></span> <span class='ocrx_word' id='word_1_45' title='bbox 440 1195 588 1266; x_wconf 81' lang='lat' dir='ltr'>Politice</span> <span class='ocrx_word' id='word_1_46' title='bbox 607 1193 769 1288; x_wconf 91' lang='lat' dir='ltr'><strong>quidem,</strong></span> <span class='ocrx_word' id='word_1_47' title='bbox 798 1195 1010 1285; x_wconf 87' lang='lat' dir='ltr'><strong>praesertim</strong></span> <span class='ocrx_word' id='word_1_48' title='bbox 1038 1195 1069 1266; x_wconf 87' lang='lat' dir='ltr'><strong>si</strong></span> <span class='ocrx_word' id='word_1_49' title='bbox 1095 1197 1274 1286; x_wconf 84' lang='lat' dir='ltr'><strong>gravioris</strong></span> <span class='ocrx_word' id='word_1_50' title='bbox 1294 1198 1365 1266; x_wconf 86' lang='lat' dir='ltr'><strong>sint</strong></span> 
     </span>
     <span class='ocr_line' id='line_1_9' title="bbox 164 1292 1364 1389; baseline 0.003 -24"><span class='ocrx_word' id='word_1_51' title='bbox 164 1292 354 1386; x_wconf 86' lang='lat' dir='ltr'><strong>indaginis,</strong></span> <span class='ocrx_word' id='word_1_52' title='bbox 382 1316 539 1367; x_wconf 89' lang='lat' dir='ltr'><strong>necnon</strong></span> <span class='ocrx_word' id='word_1_53' title='bbox 559 1296 789 1368; x_wconf 91' lang='lat' dir='ltr'><strong>oeconomica</strong></span> <span class='ocrx_word' id='word_1_54' title='bbox 808 1297 1010 1386; x_wconf 91' lang='lat' dir='ltr'><strong>promiscue</strong></span> <span class='ocrx_word' id='word_1_55' title='bbox 1027 1305 1178 1389; x_wconf 86' lang='lat' dir='ltr'><strong>uterque</strong></span> <span class='ocrx_word' id='word_1_56' title='bbox 1197 1297 1364 1386; x_wconf 86' lang='lat' dir='ltr'><strong>Senatus,</strong></span> 
     </span>
     <span class='ocr_line' id='line_1_10' title="bbox 167 1393 1364 1483; baseline 0.003 -16"><span class='ocrx_word' id='word_1_57' title='bbox 167 1395 306 1470; x_wconf 85' lang='lat' dir='ltr'><strong>collatis</strong></span> <span class='ocrx_word' id='word_1_58' title='bbox 325 1399 418 1467; x_wconf 87' lang='lat' dir='ltr'><strong>inter</strong></span> <span class='ocrx_word' id='word_1_59' title='bbox 437 1419 478 1469; x_wconf 91' lang='lat' dir='ltr'><strong>se</strong></span> <span class='ocrx_word' id='word_1_60' title='bbox 498 1396 681 1483; x_wconf 87' lang='lat' dir='ltr'><strong>consiliis;</strong></span> <span class='ocrx_word' id='word_1_61' title='bbox 700 1393 856 1467; x_wconf 83' lang='lat' dir='ltr'><strong>luridica</strong></span> <span class='ocrx_word' id='word_1_62' title='bbox 874 1393 990 1468; x_wconf 85' lang='lat' dir='ltr'><strong>Judex</strong></span> <span class='ocrx_word' id='word_1_63' title='bbox 1009 1417 1087 1470; x_wconf 89' lang='lat' dir='ltr'><strong>cum</strong></span> <span class='ocrx_word' id='word_1_64' title='bbox 1105 1397 1364 1473; x_wconf 87' lang='lat' dir='ltr'><strong>Assessoribus</strong></span> 
     </span>
     <span class='ocr_line' id='line_1_11' title="bbox 166 1498 771 1594; baseline -0.007 -22"><span class='ocrx_word' id='word_1_65' title='bbox 166 1521 214 1572; x_wconf 89' lang='lat' dir='ltr'><strong>ex</strong></span> <span class='ocrx_word' id='word_1_66' title='bbox 233 1500 395 1572; x_wconf 87' lang='lat' dir='ltr'><strong>interiori</strong></span> <span class='ocrx_word' id='word_1_67' title='bbox 414 1498 548 1576; x_wconf 86' lang='lat' dir='ltr'><strong>Senatu</strong></span> <span class='ocrx_word' id='word_1_68' title='bbox 565 1506 771 1594; x_wconf 86' lang='lat' dir='ltr'><strong>pertractat.</strong></span> 
     </span>
    </p>
   </div>
   <div class='ocr_carea' id='block_1_3' title="bbox 382 1671 1135 1914">
    <p class='ocr_par' dir='ltr' id='par_1_3' title="bbox 382 1671 1135 1914">
     <span class='ocr_line' id='line_1_12' title="bbox 686 1671 839 1759; baseline -0.02 -15"><span class='ocrx_word' id='word_1_69' title='bbox 686 1672 723 1759; x_wconf 88' lang='lat'><strong>§.</strong></span> <span class='ocrx_word' id='word_1_70' title='bbox 753 1671 839 1744; x_wconf 87' lang='grc'><strong>715.</strong></span> 
     </span>
     <span class='ocr_line' id='line_1_13' title="bbox 382 1819 1135 1914; baseline 0.003 -20"><span class='ocrx_word' id='word_1_71' title='bbox 382 1823 429 1894; x_wconf 84' lang='lat' dir='ltr'><strong>Io</strong></span> <span class='ocrx_word' id='word_1_72' title='bbox 454 1827 581 1914; x_wconf 78' lang='lat' dir='ltr'><strong>specte</strong></span> <span class='ocrx_word' id='word_1_73' title='bbox 599 1819 781 1914; x_wconf 66' lang='lat' dir='ltr'><strong>poliaco,</strong></span> <span class='ocrx_word' id='word_1_74' title='bbox 811 1835 850 1894; x_wconf 79' lang='lat' dir='ltr'><strong>et</strong></span> <span class='ocrx_word' id='word_1_75' title='bbox 876 1827 1135 1896; x_wconf 76' lang='lat' dir='ltr'><strong>oeconomica.</strong></span> 
     </span>
    </p>
   </div>
   <div class='ocr_carea' id='block_1_4' title="bbox 164 1991 1365 2492">
    <p class='ocr_par' dir='ltr' id='par_1_4' title="bbox 164 1991 1365 2492">
     <span class='ocr_line' id='line_1_14' title="bbox 269 1991 1364 2087; baseline 0 -25"><span class='ocrx_word' id='word_1_76' title='bbox 269 1991 638 2086; x_wconf 84' lang='lat' dir='ltr'><strong>Negotiispoliticis,</strong></span> <span class='ocrx_word' id='word_1_77' title='bbox 667 2003 702 2064; x_wconf 93' lang='lat' dir='ltr'><strong>et</strong></span> <span class='ocrx_word' id='word_1_78' title='bbox 729 1995 766 2064; x_wconf 93' lang='lat' dir='ltr'><strong>in</strong></span> <span class='ocrx_word' id='word_1_79' title='bbox 790 2003 891 2087; x_wconf 87' lang='lat' dir='ltr'><strong>parte</strong></span> <span class='ocrx_word' id='word_1_80' title='bbox 919 1994 1161 2065; x_wconf 89' lang='lat' dir='ltr'><strong>oeconomicis</strong></span> <span class='ocrx_word' id='word_1_81' title='bbox 1191 1991 1364 2063; x_wconf 90' lang='lat' dir='ltr'><strong>adnume-</strong></span> 
     </span>
     <span class='ocr_line' id='line_1_15' title="bbox 166 2091 1363 2189; baseline 0.003 -28"><span class='ocrx_word' id='word_1_82' title='bbox 166 2093 273 2163; x_wconf 89' lang='lat' dir='ltr'><strong>randa</strong></span> <span class='ocrx_word' id='word_1_83' title='bbox 294 2103 350 2178; x_wconf 83' lang='lat' dir='ltr'><strong>est</strong></span> <span class='ocrx_word' id='word_1_84' title='bbox 374 2093 499 2166; x_wconf 92' lang='lat' dir='ltr'><strong>Politia</strong></span> <span class='ocrx_word' id='word_1_85' title='bbox 529 2091 715 2180; x_wconf 81' lang='lat' dir='ltr'><strong>Civitatis,</strong></span> <span class='ocrx_word' id='word_1_86' title='bbox 745 2099 838 2168; x_wconf 92' lang='lat' dir='ltr'><strong>omni</strong></span> <span class='ocrx_word' id='word_1_87' title='bbox 859 2097 912 2167; x_wconf 89' lang='lat' dir='ltr'><strong>sui</strong></span> <span class='ocrx_word' id='word_1_88' title='bbox 944 2104 1045 2189; x_wconf 90' lang='lat' dir='ltr'><strong>parte</strong></span> <span class='ocrx_word' id='word_1_89' title='bbox 1066 2105 1225 2188; x_wconf 89' lang='lat' dir='ltr'><strong>accepta,</strong></span> <span class='ocrx_word' id='word_1_90' title='bbox 1247 2093 1363 2164; x_wconf 89' lang='lat' dir='ltr'><strong>adeo-</strong></span> 
     </span>
     <span class='ocr_line' id='line_1_16' title="bbox 166 2194 1365 2290; baseline 0.001 -26"><span class='ocrx_word' id='word_1_91' title='bbox 166 2216 234 2288; x_wconf 91' lang='lat' dir='ltr'><strong>que</strong></span> <span class='ocrx_word' id='word_1_92' title='bbox 254 2204 289 2265; x_wconf 93' lang='lat' dir='ltr'><strong>et</strong></span> <span class='ocrx_word' id='word_1_93' title='bbox 315 2199 517 2289; x_wconf 83' lang='lat' dir='ltr'><strong>procuratio</strong></span> <span class='ocrx_word' id='word_1_94' title='bbox 543 2194 735 2285; x_wconf 89' lang='lat' dir='ltr'><strong>nunditiei,</strong></span> <span class='ocrx_word' id='word_1_95' title='bbox 789 2197 994 2290; x_wconf 87' lang='lat' dir='ltr'><strong>ordinisque</strong></span> <span class='ocrx_word' id='word_1_96' title='bbox 1024 2196 1245 2284; x_wconf 89' lang='lat' dir='ltr'><strong>nundinarii,</strong></span> <span class='ocrx_word' id='word_1_97' title='bbox 1280 2217 1365 2266; x_wconf 90' lang='lat' dir='ltr'><strong>cura</strong></span> 
     </span>
     <span class='ocr_line' id='line_1_17' title="bbox 166 2292 1362 2394; baseline -0.001 -27"><span class='ocrx_word' id='word_1_98' title='bbox 166 2296 379 2369; x_wconf 90' lang='lat' dir='ltr'><strong>salubritatis</strong></span> <span class='ocrx_word' id='word_1_99' title='bbox 395 2297 572 2394; x_wconf 86' lang='lat' dir='ltr'><strong>publicae,</strong></span> <span class='ocrx_word' id='word_1_100' title='bbox 591 2299 766 2390; x_wconf 84' lang='lat' dir='ltr'><strong>inspectio</strong></span> <span class='ocrx_word' id='word_1_101' title='bbox 788 2296 959 2370; x_wconf 88' lang='lat' dir='ltr'><strong>directiva</strong></span> <span class='ocrx_word' id='word_1_102' title='bbox 978 2292 1141 2368; x_wconf 92' lang='lat' dir='ltr'><strong>ludorum</strong></span> <span class='ocrx_word' id='word_1_103' title='bbox 1158 2296 1362 2388; x_wconf 83' lang='lat' dir='ltr'><strong>trivialium,</strong></span> 
     </span>
     <span class='ocr_line' id='line_1_18' title="bbox 164 2397 1363 2492; baseline -0.002 -22"><span class='ocrx_word' id='word_1_104' title='bbox 164 2399 488 2486; x_wconf 68' lang='lat' dir='ltr'><strong>Xenodochium,</strong></span> <span class='ocrx_word' id='word_1_105' title='bbox 505 2397 911 2492; x_wconf 88' lang='lat' dir='ltr'><strong>Orphanotrophiorum,</strong></span> <span class='ocrx_word' id='word_1_106' title='bbox 931 2398 1178 2488; x_wconf 84' lang='lat' dir='ltr'><strong>Theatrorum,</strong></span> <span class='ocrx_word' id='word_1_107' title='bbox 1197 2399 1363 2488; x_wconf 86' lang='lat' dir='ltr'><strong>Aedium,</strong></span> 
     </span>
    </p>
   </div>
   <div class='ocr_carea' id='block_1_5' title="bbox 165 2499 1476 2594">
    <p class='ocr_par' dir='ltr' id='par_1_5' title="bbox 165 2499 1476 2594">
     <span class='ocr_line' id='line_1_19' title="bbox 165 2499 1476 2594; baseline -0.004 -20"><span class='ocrx_word' id='word_1_108' title='bbox 165 2500 495 2593; x_wconf 74' lang='lat' dir='ltr'><strong>structurarumque</strong></span> <span class='ocrx_word' id='word_1_109' title='bbox 519 2500 747 2594; x_wconf 86' lang='lat' dir='ltr'><strong>publicarum.</strong></span> <span class='ocrx_word' id='word_1_110' title='bbox 786 2502 878 2574; x_wconf 92' lang='lat' dir='ltr'>Dein</span> <span class='ocrx_word' id='word_1_111' title='bbox 901 2501 965 2573; x_wconf 81' lang='lat' dir='ltr'><strong>dus</strong></span> <span class='ocrx_word' id='word_1_112' title='bbox 993 2500 1200 2593; x_wconf 86' lang='lat' dir='ltr'><strong>largiendae</strong></span> <span class='ocrx_word' id='word_1_113' title='bbox 1229 2499 1364 2572; x_wconf 80' lang='lat' dir='ltr'><strong>Conci·</strong></span> <span class='ocrx_word' id='word_1_114' title='bbox 1472 2533 1476 2554; x_wconf 72' lang='grc' dir='ltr'><strong>ι</strong></span> 
     </span>
    </p>
   </div>
   <div class='ocr_carea' id='block_1_6' title="bbox 137 2601 1365 3915">
    <p class='ocr_par' dir='ltr' id='par_1_6' title="bbox 137 2601 1365 3915">
     <span class='ocr_line' id='line_1_20' title="bbox 164 2601 1365 2698; baseline 0.002 -26"><span class='ocrx_word' id='word_1_115' title='bbox 164 2601 332 2688; x_wconf 86' lang='lat' dir='ltr'><strong>vilitatis,</strong></span> <span class='ocrx_word' id='word_1_116' title='bbox 358 2601 541 2690; x_wconf 76' lang='lat' dir='ltr'><strong>ForniciS,</strong></span> <span class='ocrx_word' id='word_1_117' title='bbox 569 2601 801 2686; x_wconf 83' lang='lat' dir='ltr'><strong>Quaesturae.</strong></span> <span class='ocrx_word' id='word_1_118' title='bbox 831 2603 1099 2676; x_wconf 87' lang='lat' dir='ltr'><strong>Administratio</strong></span> <span class='ocrx_word' id='word_1_119' title='bbox 1128 2613 1365 2698; x_wconf 83' lang='lat' dir='ltr'><strong>proventuum</strong></span> 
     </span>
     <span class='ocr_line' id='line_1_21' title="bbox 164 2703 1365 2798; baseline 0.004 -28"><span class='ocrx_word' id='word_1_120' title='bbox 164 2705 370 2795; x_wconf 88' lang='lat' dir='ltr'><strong>quorumvis</strong></span> <span class='ocrx_word' id='word_1_121' title='bbox 389 2724 410 2774; x_wconf 89' lang='lat' dir='ltr'><strong>e</strong></span> <span class='ocrx_word' id='word_1_122' title='bbox 428 2703 531 2776; x_wconf 86' lang='lat' dir='ltr'><strong>bonis</strong></span> <span class='ocrx_word' id='word_1_123' title='bbox 551 2723 702 2795; x_wconf 90' lang='lat' dir='ltr'><strong>nempe,</strong></span> <span class='ocrx_word' id='word_1_124' title='bbox 729 2704 790 2775; x_wconf 87' lang='lat' dir='ltr'><strong>vel</strong></span> <span class='ocrx_word' id='word_1_125' title='bbox 808 2704 988 2798; x_wconf 80' lang='lat' dir='ltr'><strong>regalibus</strong></span> <span class='ocrx_word' id='word_1_126' title='bbox 1017 2703 1201 2775; x_wconf 86' lang='lat' dir='ltr'><strong>beneficiis</strong></span> <span class='ocrx_word' id='word_1_127' title='bbox 1222 2703 1365 2776; x_wconf 83' lang='lat' dir='ltr'><strong>Civitati</strong></span> 
     </span>
     <span class='ocr_line' id='line_1_22' title="bbox 164 2804 1363 2901; baseline 0.001 -26"><span class='ocrx_word' id='word_1_128' title='bbox 164 2809 336 2897; x_wconf 88' lang='lat' dir='ltr'><strong>propriis,</strong></span> <span class='ocrx_word' id='word_1_129' title='bbox 365 2816 425 2879; x_wconf 86' lang='lat' dir='ltr'><strong>aut</strong></span> <span class='ocrx_word' id='word_1_130' title='bbox 453 2829 499 2878; x_wconf 84' lang='lat' dir='ltr'><strong>ex</strong></span> <span class='ocrx_word' id='word_1_131' title='bbox 528 2809 652 2878; x_wconf 87' lang='lat' dir='ltr'><strong>annuis</strong></span> <span class='ocrx_word' id='word_1_132' title='bbox 681 2804 860 2900; x_wconf 80' lang='lat' dir='ltr'><strong>Symbolis</strong></span> <span class='ocrx_word' id='word_1_133' title='bbox 886 2827 951 2901; x_wconf 89' lang='lat' dir='ltr'><strong>per</strong></span> <span class='ocrx_word' id='word_1_134' title='bbox 986 2805 1117 2894; x_wconf 83' lang='lat' dir='ltr'><strong>Cives,</strong></span> <span class='ocrx_word' id='word_1_135' title='bbox 1155 2806 1363 2899; x_wconf 86' lang='lat' dir='ltr'><strong>incolasque</strong></span> 
     </span>
     <span class='ocr_line' id='line_1_23' title="bbox 164 2905 1363 3002; baseline 0.002 -26"><span class='ocrx_word' id='word_1_136' title='bbox 164 2905 378 2998; x_wconf 77' lang='lat' dir='ltr'><strong>pandendis,</strong></span> <span class='ocrx_word' id='word_1_137' title='bbox 405 2911 694 3000; x_wconf 88' lang='lat' dir='ltr'><strong>promanantium.</strong></span> <span class='ocrx_word' id='word_1_138' title='bbox 722 2907 993 2979; x_wconf 86' lang='lat' dir='ltr'><strong>Administratio</strong></span> <span class='ocrx_word' id='word_1_139' title='bbox 1020 2912 1124 2995; x_wconf 89' lang='lat' dir='ltr'><strong>item,</strong></span> <span class='ocrx_word' id='word_1_140' title='bbox 1152 2915 1258 3002; x_wconf 84' lang='lat' dir='ltr'><strong>atque</strong></span> <span class='ocrx_word' id='word_1_141' title='bbox 1278 2928 1363 2979; x_wconf 86' lang='lat' dir='ltr'><strong>cura</strong></span> 
     </span>
     <span class='ocr_line' id='line_1_24' title="bbox 166 3002 1364 3103; baseline 0.004 -28"><span class='ocrx_word' id='word_1_142' title='bbox 166 3002 374 3094; x_wconf 83' lang='lat' dir='ltr'><strong>Cassarum,</strong></span> <span class='ocrx_word' id='word_1_143' title='bbox 408 3013 532 3099; x_wconf 90' lang='lat' dir='ltr'><strong>reique</strong></span> <span class='ocrx_word' id='word_1_144' title='bbox 559 3006 785 3094; x_wconf 87' lang='lat' dir='ltr'><strong>tributariae,</strong></span> <span class='ocrx_word' id='word_1_145' title='bbox 812 3011 849 3078; x_wconf 93' lang='lat' dir='ltr'><strong>in</strong></span> <span class='ocrx_word' id='word_1_146' title='bbox 883 3030 975 3100; x_wconf 89' lang='lat' dir='ltr'><strong>qua,</strong></span> <span class='ocrx_word' id='word_1_147' title='bbox 1012 3011 1106 3079; x_wconf 90' lang='lat' dir='ltr'><strong>inter</strong></span> <span class='ocrx_word' id='word_1_148' title='bbox 1138 3006 1246 3080; x_wconf 81' lang='lat' dir='ltr'><strong>Cives</strong></span> <span class='ocrx_word' id='word_1_149' title='bbox 1274 3032 1364 3103; x_wconf 81' lang='lat' dir='ltr'><strong>pur·</strong></span> 
     </span>
     <span class='ocr_line' id='line_1_25' title="bbox 165 3103 1362 3200; baseline 0.007 -25"><span class='ocrx_word' id='word_1_150' title='bbox 165 3107 304 3194; x_wconf 89' lang='lat' dir='ltr'><strong>tienda,</strong></span> <span class='ocrx_word' id='word_1_151' title='bbox 340 3104 613 3179; x_wconf 81' lang='lat' dir='ltr'><strong>aComitatibus</strong></span> <span class='ocrx_word' id='word_1_152' title='bbox 642 3103 814 3178; x_wconf 79' lang='lat' dir='ltr'><strong>Civitates</strong></span> <span class='ocrx_word' id='word_1_153' title='bbox 842 3110 983 3178; x_wconf 86' lang='lat' dir='ltr'><strong>minime</strong></span> <span class='ocrx_word' id='word_1_154' title='bbox 1012 3106 1178 3200; x_wconf 89' lang='lat' dir='ltr'><strong>pendent.</strong></span> <span class='ocrx_word' id='word_1_155' title='bbox 1218 3107 1362 3184; x_wconf 83' lang='lat' dir='ltr'><strong>Cunctis</strong></span> 
     </span>
     <span class='ocr_line' id='line_1_26' title="bbox 165 3204 1362 3305; baseline 0.003 -28"><span class='ocrx_word' id='word_1_156' title='bbox 165 3204 219 3277; x_wconf 90' lang='lat' dir='ltr'><strong>his</strong></span> <span class='ocrx_word' id='word_1_157' title='bbox 249 3207 423 3302; x_wconf 92' lang='lat' dir='ltr'><strong>denique,</strong></span> <span class='ocrx_word' id='word_1_158' title='bbox 462 3218 567 3305; x_wconf 89' lang='lat' dir='ltr'><strong>atque</strong></span> <span class='ocrx_word' id='word_1_159' title='bbox 598 3209 750 3279; x_wconf 86' lang='lat' dir='ltr'><strong>cacteris</strong></span> <span class='ocrx_word' id='word_1_160' title='bbox 778 3211 845 3279; x_wconf 87' lang='lat' dir='ltr'><strong>rite</strong></span> <span class='ocrx_word' id='word_1_161' title='bbox 872 3207 1124 3302; x_wconf 86' lang='lat' dir='ltr'><strong>expediendis,</strong></span> <span class='ocrx_word' id='word_1_162' title='bbox 1151 3208 1362 3298; x_wconf 84' lang='lat' dir='ltr'><strong>inadjuto-</strong></span> 
     </span>
     <span class='ocr_line' id='line_1_27' title="bbox 164 3306 1361 3404; baseline 0.002 -24"><span class='ocrx_word' id='word_1_163' title='bbox 164 3311 254 3380; x_wconf 89' lang='lat' dir='ltr'><strong>rium</strong></span> <span class='ocrx_word' id='word_1_164' title='bbox 272 3319 416 3404; x_wconf 82' lang='lat' dir='ltr'><strong>praesto</strong></span> <span class='ocrx_word' id='word_1_165' title='bbox 445 3322 526 3383; x_wconf 91' lang='lat' dir='ltr'><strong>sunt</strong></span> <span class='ocrx_word' id='word_1_166' title='bbox 544 3308 729 3396; x_wconf 85' lang='lat' dir='ltr'><strong>Fiseales,</strong></span> <span class='ocrx_word' id='word_1_167' title='bbox 753 3307 961 3380; x_wconf 87' lang='lat' dir='ltr'><strong>Praefectus</strong></span> <span class='ocrx_word' id='word_1_168' title='bbox 989 3307 1140 3396; x_wconf 86' lang='lat' dir='ltr'><strong>Urbarii,</strong></span> <span class='ocrx_word' id='word_1_169' title='bbox 1168 3306 1361 3382; x_wconf 83' lang='lat' dir='ltr'><strong>Viae-Ga·-</strong></span> 
     </span>
     <span class='ocr_line' id='line_1_28' title="bbox 165 3409 1361 3504; baseline 0.003 -25"><span class='ocrx_word' id='word_1_170' title='bbox 165 3412 353 3504; x_wconf 90' lang='lat' dir='ltr'><strong>pitaneus,</strong></span> <span class='ocrx_word' id='word_1_171' title='bbox 391 3409 525 3484; x_wconf 77' lang='lat' dir='ltr'><strong>Cassae</strong></span> <span class='ocrx_word' id='word_1_172' title='bbox 553 3409 881 3500; x_wconf 86' lang='lat' dir='ltr'><strong>contributionalis,</strong></span> <span class='ocrx_word' id='word_1_173' title='bbox 917 3411 1194 3501; x_wconf 88' lang='lat' dir='ltr'><strong>oeconomicae,</strong></span> <span class='ocrx_word' id='word_1_174' title='bbox 1231 3412 1361 3483; x_wconf 92' lang='lat' dir='ltr'><strong>dome·-</strong></span> 
     </span>
     <span class='ocr_line' id='line_1_29' title="bbox 164 3509 1363 3607; baseline -0.003 -21"><span class='ocrx_word' id='word_1_175' title='bbox 164 3513 299 3601; x_wconf 85' lang='lat' dir='ltr'><strong>sticee,</strong></span> <span class='ocrx_word' id='word_1_176' title='bbox 328 3533 392 3590; x_wconf 89' lang='lat' dir='ltr'><strong>seu</strong></span> <span class='ocrx_word' id='word_1_177' title='bbox 412 3515 644 3585; x_wconf 89' lang='lat' dir='ltr'><strong>cameraticae</strong></span> <span class='ocrx_word' id='word_1_178' title='bbox 663 3512 926 3607; x_wconf 85' lang='lat' dir='ltr'><strong>Perceptores,</strong></span> <span class='ocrx_word' id='word_1_179' title='bbox 955 3509 1172 3600; x_wconf 82' lang='lat' dir='ltr'><strong>Camerarii,</strong></span> <span class='ocrx_word' id='word_1_180' title='bbox 1201 3522 1237 3583; x_wconf 91' lang='lat' dir='ltr'><strong>et</strong></span> <span class='ocrx_word' id='word_1_181' title='bbox 1265 3513 1363 3584; x_wconf 89' lang='lat' dir='ltr'><strong>Sub-</strong></span> 
     </span>
     <span class='ocr_line' id='line_1_30' title="bbox 164 3611 1362 3710; baseline -0.002 -24"><span class='ocrx_word' id='word_1_182' title='bbox 164 3617 362 3705; x_wconf 87' lang='lat' dir='ltr'><strong>camerarii,</strong></span> <span class='ocrx_word' id='word_1_183' title='bbox 393 3614 593 3710; x_wconf 89' lang='lat' dir='ltr'><strong>Orphanale</strong></span> <span class='ocrx_word' id='word_1_184' title='bbox 619 3613 790 3703; x_wconf 83' lang='lat' dir='ltr'><strong>(illiciam,</strong></span> <span class='ocrx_word' id='word_1_185' title='bbox 824 3613 954 3707; x_wconf 89' lang='lat' dir='ltr'><strong>aliique</strong></span> <span class='ocrx_word' id='word_1_186' title='bbox 987 3611 1187 3702; x_wconf 71' lang='lat' dir='ltr'><strong>officiales,</strong></span> <span class='ocrx_word' id='word_1_187' title='bbox 1216 3622 1253 3684; x_wconf 88' lang='lat' dir='ltr'><strong>et</strong></span> <span class='ocrx_word' id='word_1_188' title='bbox 1270 3612 1362 3692; x_wconf 75' lang='lat' dir='ltr'><strong>Ser·-</strong></span> 
     </span>
     <span class='ocr_line' id='line_1_31' title="bbox 163 3713 1362 3812; baseline -0.002 -24"><span class='ocrx_word' id='word_1_189' title='bbox 163 3718 321 3804; x_wconf 88' lang='lat' dir='ltr'><strong>vitores;</strong></span> <span class='ocrx_word' id='word_1_190' title='bbox 351 3737 513 3812; x_wconf 90' lang='lat' dir='ltr'><strong>suprema</strong></span> <span class='ocrx_word' id='word_1_191' title='bbox 540 3726 658 3788; x_wconf 86' lang='lat' dir='ltr'><strong>tamen</strong></span> <span class='ocrx_word' id='word_1_192' title='bbox 685 3715 885 3811; x_wconf 88' lang='lat' dir='ltr'><strong>Inspectio,</strong></span> <span class='ocrx_word' id='word_1_193' title='bbox 912 3737 961 3812; x_wconf 66' lang='lat' dir='ltr'><strong>oc⁴</strong></span> <span class='ocrx_word' id='word_1_194' title='bbox 972 3713 1123 3786; x_wconf 88' lang='lat' dir='ltr'><strong>directio</strong></span> <span class='ocrx_word' id='word_1_195' title='bbox 1152 3718 1265 3788; x_wconf 87' lang='lat' dir='ltr'><strong>omnis</strong></span> <span class='ocrx_word' id='word_1_196' title='bbox 1293 3714 1362 3787; x_wconf 86' lang='lat' dir='ltr'><strong>ad-</strong></span> 
     </span>
     <span class='ocr_line' id='line_1_32' title="bbox 137 3814 1101 3915; baseline -0.002 -27"><span class='ocrx_word' id='word_1_197' title='bbox 137 3895 142 3898; x_wconf 62' lang='grc'><strong>,</strong></span> <span class='ocrx_word' id='word_1_198' title='bbox 163 3819 431 3892; x_wconf 88' lang='lat' dir='ltr'><strong>ministrationis</strong></span> <span class='ocrx_word' id='word_1_199' title='bbox 450 3839 562 3915; x_wconf 89' lang='lat' dir='ltr'><strong>penes</strong></span> <span class='ocrx_word' id='word_1_200' title='bbox 580 3819 715 3911; x_wconf 84' lang='lat' dir='ltr'><strong>regium</strong></span> <span class='ocrx_word' id='word_1_201' title='bbox 733 3816 956 3908; x_wconf 77' lang='lat' dir='ltr'><strong>Maiestatem</strong></span> <span class='ocrx_word' id='word_1_202' title='bbox 974 3814 1101 3895; x_wconf 81' lang='lat' dir='ltr'><strong>fuerat.</strong></span> 
     </span>
    </p>
   </div>
   <div class='ocr_carea' id='block_1_7' title="bbox 247 4012 1277 4254">
    <p class='ocr_par' dir='ltr' id='par_1_7' title="bbox 247 4012 1277 4254">
     <span class='ocr_line' id='line_1_33' title="bbox 687 4012 840 4099; baseline -0.02 -13"><span class='ocrx_word' id='word_1_203' title='bbox 687 4012 724 4099; x_wconf 82' lang='lat'><strong>§.</strong></span> <span class='ocrx_word' id='word_1_204' title='bbox 755 4014 840 4086; x_wconf 88' lang='grc'><strong>716.</strong></span> 
     </span>
     <span class='ocr_line' id='line_1_34' title="bbox 247 4159 1277 4254; baseline 0 -20"><span class='ocrx_word' id='word_1_205' title='bbox 247 4163 305 4235; x_wconf 84' lang='lat' dir='ltr'><strong>De</strong></span> <span class='ocrx_word' id='word_1_206' title='bbox 329 4159 666 4237; x_wconf 75' lang='lat' dir='ltr'><strong>Admziu’strottone</strong></span> <span class='ocrx_word' id='word_1_207' title='bbox 692 4167 934 4254; x_wconf 75' lang='lat' dir='ltr'><strong>nepon’orom</strong></span> <span class='ocrx_word' id='word_1_208' title='bbox 961 4165 1000 4232; x_wconf 78' lang='lat' dir='ltr'><strong>in</strong></span> <span class='ocrx_word' id='word_1_209' title='bbox 1025 4159 1277 4237; x_wconf 69' lang='lat' dir='ltr'><strong>Demaraten.</strong></span> 
     </span>
    </p>
   </div>
   <div class='ocr_carea' id='block_1_8' title="bbox 266 4312 1370 4506">
    <p class='ocr_par' dir='ltr' id='par_1_8' title="bbox 266 4312 1370 4506">
     <span class='ocr_line' id='line_1_35' title="bbox 266 4312 1370 4506; baseline 0.002 -102"><span class='ocrx_word' id='word_1_210' title='bbox 266 4329 338 4404; x_wconf 89' lang='lat' dir='ltr'><strong>Vix</strong></span> <span class='ocrx_word' id='word_1_211' title='bbox 356 4321 581 4428; x_wconf 82' lang='lat' dir='ltr'><strong>supermanet</strong></span> <span class='ocrx_word' id='word_1_212' title='bbox 599 4331 693 4430; x_wconf 89' lang='lat' dir='ltr'><strong>quod</strong></span> <span class='ocrx_word' id='word_1_213' title='bbox 709 4331 801 4406; x_wconf 88' lang='lat' dir='ltr'><strong>ultra</strong></span> <span class='ocrx_word' id='word_1_214' title='bbox 827 4330 870 4404; x_wconf 91' lang='lat' dir='ltr'><strong>de</strong></span> <span class='ocrx_word' id='word_1_215' title='bbox 890 4327 1193 4506; x_wconf 69' lang='lat' dir='ltr'><strong>administrqt5iope</strong></span> <span class='ocrx_word' id='word_1_216' title='bbox 1221 4312 1370 4429; x_wconf 73' lang='lat' dir='ltr'><strong>publica</strong></span> 
     </span>
    </p>
   </div>
   <div class='ocr_carea' id='block_1_9' title="bbox 0 0 1560 4882">
    <p class='ocr_par' dir='ltr' id='par_1_9' title="bbox 0 0 1560 4882">
     <span class='ocr_line' id='line_1_36' title="bbox 0 0 1560 4882; baseline 0 1"><span class='ocrx_word' id='word_1_217' title='bbox 0 0 1560 4882; x_wconf 95' lang='lat' dir='ltr'><strong> </strong></span> 
     </span>
    </p>
   </div>
  </div>
 </body>
</html>
