3138 4858
183 269 232 344 28

181 440 365 528 gnatorum
382 434 473 508 ratio
491 414 639 506 babetur
655 446 817 524 semper,
845 449 969 504 verum
999 431 1041 504 ab
1065 431 1233 502 intestato
1264 425 1376 498 dece-

146 615 148 620 ,
182 536 290 623 denti,
310 536 379 607 uisi
399 531 552 624 Coniux,
570 530 631 606 vel
649 530 783 626 proles,
802 531 862 605 vel
881 531 1011 607 iratres
1030 531 1172 604 indivisi
1188 526 1376 617 adfuerint,
1399 573 1403 584 1

180 637 261 708 Rex
278 637 396 708 itidem
416 635 584 710 succedit.
613 631 755 704 Interim
778 633 867 705 hacc
893 634 987 707 Fisci
1007 634 1190 708 successio
1209 630 1285 702 Juri
1302 625 1377 701 (ia-
1469 635 1472 640 “

181 739 342 812 ducitatis
362 736 548 840 Civitatem
565 756 638 807 non
657 733 786 822 officit,
814 735 938 830 quibus
965 738 1052 810 illud
1070 754 1279 811 concessum
1297 731 1374 803 fuit.

223 860 261 945 *)
285 859 375 933 Quod
396 860 546 940 Princeps
569 858 637 938 ipse
660 865 768 920 noster
792 893 825 903 -
846 857 891 919 ait
912 857 1076 940 Verbbcuy
1095 891 1135 906 -
1156 857 1375 922 universorum

265 947 482 1023 Dominorum,
506 946 673 1021 Beronum,
696 951 725 1004 et
746 941 945 1024 Magnetum,
971 964 1005 1009 uc
1028 945 1161 1008 aliorum
1184 941 1285 1024 Regni
1305 941 1377 1004 No-

264 1032 375 1095 bilium
390 1031 760 1118 possessionutorumque
776 1030 933 1114 bominum
957 1031 990 1094 in
1005 1051 1091 1109 casu,
1107 1049 1167 1112 quo
1184 1030 1254 1112 quis
1271 1048 1378 1092 eorum

267 1118 335 1181 siue
356 1119 561 1194 haeredibus,
592 1126 622 1179 et
644 1117 780 1200 posteris
805 1117 991 1197 decesserit,
1021 1137 1134 1196 verus,
1169 1124 1199 1180 et
1220 1115 1378 1198 legitimus

268 1223 432 1268 successor
454 1203 498 1266 sit
512 1203 556 1287 ἃ).

639 1388 800 1475 capue
820 1389 908 1459 lv.

462 1527 516 1608 be
545 1521 820 1630 chtslutivo
845 1525 1081 1608 totostoto.

705 1676 742 1761 s.
772 1679 857 1751 364.
974 1713 976 1718 -

512 1827 739 1900 Potestutem
766 1825 1050 1918 legotlotom'um.

283 1971 432 2045 Primum
457 1975 549 2045 inter
577 1982 698 2068 partos
727 1973 944 2067 Regiminis,
973 1975 1090 2049 locum
1118 1983 1217 2047 tenet
1242 1982 1377 2070 pote-

180 2085 281 2147 stus
309 2075 642 2168 legislatoris,
671 2079 749 2149 sive
767 2076 830 2149 Jus
858 2076 1125 2172 praescribendi
1144 2075 1374 2170 agendorum,

180 2185 216 2248 et
246 2178 515 2250 emittendorum
542 2199 719 2266 normam,
747 2188 857 2250 totam
884 2176 1091 2268 Civitatem,
1118 2180 1218 2253 velut
1246 2197 1376 2272 corpus

180 2279 326 2366 morale,
355 2290 459 2372 atquc
487 2300 611 2350 omnes
638 2282 674 2348 in
699 2279 823 2349 eadem
848 2277 1020 2372 degentes
1047 2281 1262 2373 singillative
1282 2280 1376 2353 obli-

180 2390 331 2472 gantem.
351 2379 449 2451 Hanc
463 2380 555 2472 apud
572 2385 639 2450 nos
658 2379 793 2470 Regiae
806 2379 985 2469 Mujestuti
1000 2384 1251 2471 essentialiter,
1270 2392 1373 2475 atque

179 2481 238 2550 illa
257 2484 395 2551 ratione
415 2490 638 2574 competere,
665 2488 703 2548 ut
727 2479 790 2550 Jus
810 2480 1069 2554 condendarum
1096 2485 1213 2578 legum
1232 2505 1251 2554 a
1270 2475 1376 2566 Prin-3

181 2585 259 2676 cipc
277 2583 451 2674 legitimo,
479 2601 581 2674 quem
610 2585 804 2652 eminenter
831 2586 990 2677 respicit,
1020 2587 1120 2660 solve
1140 2587 1255 2680 Regni
1275 2582 1378 2656 Con-

182 2687 385 2770 stitutione,
424 2691 576 2775 nequeat
605 2681 733 2771 avelli,
770 2693 839 2755 tarn
868 2696 1001 2758 certum
1032 2698 1110 2777 cst,
1151 2711 1253 2780 quam
1281 2686 1376 2779 quod

182 2786 425 2856 certissimum.
453 2783 568 2855 Docet
585 2783 620 2855 id
638 2788 766 2879 quippe
786 2785 987 2858 continuum
1007 2791 1227 2874 exercitium,
1250 2785 1377 2874 jubent

179 2885 281 2976 leges
301 2887 491 2976 organicae
521 2881 577 2985 ¹²),
594 2885 662 2958 hoc
681 2886 831 2980 denique
859 2888 960 2959 stilus
988 2889 1065 2981 ipse
1088 2889 1376 2973 Decretorum,a

117 2985 119 2990 '
179 2988 299 3159 primifs
328 2987 450 3078 regiae
479 2987 666 3080 Dignitatis
700 2986 881 3062 cunabulis
918 2996 1122 3062 constanter
1151 2985 1376 3078 observatus,

179 3085 271 3160 meni
288 3085 408 3160 estat(

694 3262 731 3349 §.
761 3262 846 3336 365.

298 3409 421 3498 Reges
439 3409 662 3499 Hunpurt'ue
682 3415 973 3503 omnitempore
991 3423 1248 3487 coercuerunt.

280 3554 525 3627 Exercuerunt
552 3559 670 3650 ituquc
698 3558 782 3629 inde
812 3558 854 3631 ub
874 3563 1012 3654 origine
1031 3561 1259 3634 Menarchiac
1286 3563 1377 3636 hanc

177 3667 390 3753 potestatem
428 3661 551 3729 summi
576 3657 822 3750 Hungerorum
860 3662 1046 3756 Principes,
1075 3666 1157 3754 jure
1196 3665 1406 3756 Majestati.

177 3760 346 3854 propri03
371 3778 497 3828 verum
523 3761 587 3830 vix
618 3759 737 3845 aliter,
767 3782 869 3851 quam
895 3765 932 3834 in
958 3764 1107 3858 publicis
1133 3767 1250 3859 Regni
1270 3765 1372 3840 Gou-

176 3859 364 3946 ventibus,
392 3856 585 3928 accedente
601 3857 737 3951 'Populi
763 3898 814 3911 -
841 3871 900 3931 aut
926 3869 1063 3956 petiuS,
1106 3872 1164 3959 qui
1193 3872 1297 3940 istum
1332 3868 1376 3938 ad

177 3971 300 4032 nostra
319 3979 432 4053 usque
451 3967 609 4051 tempora
627 3962 967 4054 repraesentabant,
987 3965 1102 4057 Regni
1122 3967 1288 4042 Ordinum
1307 3989 1372 4041 as-

177 4081 305 4148 sensu,
335 4062 519 4153 activaque
538 4055 663 4128 horum
682 4066 965 4153 cooperatione3
994 4068 1047 4136 sic
1072 4089 1227 4164 nempe,
1255 4082 1293 4142 ut
1311 4071 1373 4145 vcl

100 4288 103 4292 «
178 4285 384 4298 —.-...-.

177 4160 257 4232 Rex
284 4160 385 4255 leges
411 4159 534 4234 iisdem
563 4156 740 4249 rogandus
758 4173 954 4256 proponat,
982 4164 1042 4237 vei
1069 4169 1127 4241 isti
1146 4173 1374 4246 nonnullasa
1439 4222 1449 4228 -

158 4322 739 4398 .uuummmmmmmsc

205 4407 638 4474 munuc-mmm.
