3144 4860
1267 267 1316 342 81

112 471 116 480 ι
196 426 401 508 ,decultstem
420 429 666 512 quomodolibet,
696 427 922 496 consvetutinc
944 431 1102 512 videlicet,
1125 437 1180 496 aut
1202 432 1316 521 (jure)

204 516 453 598 „perseuerans
483 537 525 582 sc
547 517 583 580 si
606 517 704 580 idem
728 517 918 597 praelata
938 521 1076 602 priori
1098 537 1199 586 nunc
1222 523 1318 594 sub-

203 599 493 774 „uluattuuso‘u'ucna
526 603 702 692 luisset,
743 611 785 667 ut
817 605 945 670 moris
981 603 1154 670 exstitit
1197 627 1318 673 eoru-

206 731 225 762 „
423 737 430 754 .

676 854 683 870 .
713 803 772 876 89.

390 927 492 1011 (leue
518 801 672 1019 lapidod
683 928 1040 1020 fiendumcncola'bue.

221 1046 419 1122 Occasione
439 1049 591 1142 tandem,
610 1074 678 1146 qua
697 1056 845 1148 primum
863 1052 1023 1147 regulata
1043 1051 1213 1128 secessio
1238 1051 1319 1140 fuit,

119 1151 385 1224 coronationem
412 1163 585 1248 perpetuo
620 1153 899 1244 observandam,
952 1154 1034 1247 lege
1069 1153 1322 1227 fundamentali

117 1252 325 1349 praescribi,
353 1253 396 1325 Αἰ
436 1257 543 1328 1687.
563 1253 640 1327 Art.
661 1258 696 1328 2.
718 1256 847 1328 clarius
866 1255 1041 1350 perhibet,
1061 1259 1220 1350 quam'ut
1239 1275 1320 1326 am-

117 1354 211 1450 plius
231 1351 473 1427 demonstrare
494 1366 666 1449 oporteat.
694 1356 772 1428 Hoc
790 1361 919 1451 quippe
939 1357 1072 1446 Status,
1109 1367 1146 1428 ct
1164 1354 1316 1428 Ordines

120 1453 316 1529 declarant:
348 1455 466 1550 „quod
484 1479 503 1526 a
521 1457 625 1546 modo
644 1461 680 1528 in
698 1467 880 1552 posterum
898 1460 1073 1528 neminem
1092 1454 1196 1528 alium
1214 1475 1318 1548 quam

123 1557 239 1652 ,Suae
263 1555 462 1631 Caesareae
482 1565 518 1628 et
542 1555 678 1650 Regiae
696 1556 895 1648 Majestatis
920 1559 1073 1651 propriis
1110 1580 1157 1630 ex
1192 1552 1320 1628 lumbis

123 1657 435 1752 „descendentium
469 1658 705 1730 masculorum
739 1657 931 1729 haeredum
974 1660 1245 1752 primogenitum
1286 1658 1326 1727 in

123 1770 354 1854 „perpetuum
392 1782 458 1856 pro
481 1760 638 1853 legitimo
667 1779 732 1833 suo
764 1759 880 1852 Rege,
910 1768 946 1829 et
963 1758 1113 1830 Domino
1133 1762 1202 1831 sint
1219 1756 1326 1830 hahi-

124 1866 238 1955 „turi,
266 1873 310 1933 et
337 1883 446 1954 erga
482 1883 663 1957 semper
688 1864 848 1946 toties,
877 1864 1063 1954 quoties
1092 1856 1329 1950 ejusmodi

123 1961 899 2057 „lnauguratiosuscipiendacric,
927 1960 1329 2055 praemittendam

51 2135 54 2142 ,
123 2069 565 2158 „praeinsertorum
626 2063 943 2134 articulorum
988 2062 1328 2158 diplomatico-

50 4505 59 4853 l

123 2184 244 2257 „rum
280 2167 689 2256 acceptationem,
729 2166 1020 2258 seuregium
1068 2181 1326 2235 assecura-

126 2262 1326 2359 „tionemdeponendumquesuper-indeluramen-

123 2376 236 2460 „tum
270 2368 314 2436 in
342 2387 407 2455 ea,
436 2386 521 2460 qua
549 2385 568 2435 a
595 2363 861 2454 Majorihus
898 2369 1000 2439 suis
1036 2369 1327 2465 praestitum

128 2476 302 2557 „esset,
346 2465 495 2538 forma
534 2467 796 2540 dietaliter
839 2471 961 2542 intra
998 2466 1089 2541 hoc
1125 2466 1329 2560 Regnum

132 2566 430 2660 ,hungariae
457 2570 554 2638 rite
582 2569 899 2642 coronaturi.“

255 2810 258 2821 ·
367 2796 413 2868 Ic
447 2801 575 2886 specte
608 2692 840 2888 Inuddqddolz‘
864 2792 1095 2888 Deplomc'te.
1172 2770 1206 2810 ⁵

228 2915 386 2990 Eundem
404 2939 451 2990 ex
468 2922 607 3012 integro
628 2939 771 2991 sensum
789 2924 915 2988 cuncta
935 2916 1103 3015 deinceps
1132 2922 1333 3012 inaugura,-

133 3023 179 3092 lia
209 3017 405 3114 Diplomata
435 3018 469 3110 b)
498 3019 757 3117 praeseferunt.
814 3015 961 3091 Domum
972 3019 1034 3092 lex
1057 3024 1183 3093 iterum
1201 3017 1335 3090 funda·
1451 3022 1455 3033 ’

119 3120 294 3194 'mentalis
335 3131 507 3214 regnante
535 3118 662 3195 Carolo
710 3121 779 3193 lata
810 3121 841 3210 ⁰)
880 3125 1043 3213 requirit:
1084 3119 1153 3211 „Ut
1200 3118 1330 3190 haeres

136 3225 343 3316 „Augustae
362 3222 493 3295 Domus
522 3221 988 3298 Austriacae--eodem
1006 3221 1246 3296 successionis
1265 3237 1332 3313 pro

136 3323 235 3417 „his,
280 3322 473 3409 obfuturis
502 3323 766 3419 quibuscunque
807 3323 947 3398 casibus
975 3323 1211 3397 haereditario
1249 3321 1334 3411 jure

137 3429 264 3518 „etiam
281 3446 347 3520 pro
366 3421 538 3495 infallibili
556 3423 657 3516 Rege
676 3423 899 3518 Hungariae,
926 3425 1148 3522 Pontiumque
1179 3424 1333 3514 Regno-

137 3549 249 3619 „rum,
277 3537 313 3598 ei
330 3525 594 3599 Provinciarum
612 3523 727 3595 eidem
746 3525 960 3594 adnexarum
991 3546 1103 3616 aeque
1129 3518 1335 3594 indrmsrhr-

138 3627 243 3720 „liter
271 3625 578 3722 intelligendarum
608 3623 791 3717 habeatur,
822 3635 867 3697 et
894 3620 1188 3696 coroneturs‘

320 3823 534 3928 Nouissime
571 3749 714 3930 elestede
743 3750 871 3926 {dccc
903 3853 1152 3941 praescripta.

144 4025 149 4033 .
239 3976 291 4047 lta
310 3987 392 4073 post
409 3979 611 4078 adoptatam
636 3999 775 4075 quoque
813 3973 979 4047 foeminei
1004 3992 1112 4046 sexus
1137 3967 1339 4062 Principum

168 4142 195 4208 ¹)
212 4145 292 4196 Post.
310 4146 394 4198 illatlr.
413 4145 512 4209 Doglel
529 4146 752 4212 ntptomctueg.
770 4140 865 4194 Polou.
884 4137 914 4190 'l'.
934 4136 959 4190 1.
979 4150 1005 4200 p.
1025 4136 1068 4190 55.
1086 4139 1115 4187 et
1133 4132 1177 4184 56.
1190 4157 1226 4170 ·-·
1240 4128 1339 4180 liora·

223 4213 301 4265 chich
322 4209 402 4267 V'ust.
421 4215 495 4266 (lom.
516 4229 540 4278 p.
558 4214 619 4268 240.

170 4280 198 4346 n)
227 4285 327 4348 caroli,
359 4285 465 4338 Marias
491 4286 606 4339 uberes.
634 4285 718 4346 ueop.
746 4286 774 4332 et
791 4280 889 4330 Franc.
914 4289 984 4341 quas
1004 4273 1100 4326 ordine
1119 4270 1147 4321 ln
1163 4271 1343 4321 usercen·
1462 4335 1467 4341 .

234 4361 338 4420 parent.

174 4422 199 4490 ⁰)
227 4426 306 4481 1788.
325 4427 351 4480 1.
368 4421 391 4488 d.
409 4420 433 4474 1.
1115 4477 1142 4552 6
