3138 4858
159 171 209 246 56

160 363 308 434 corum,
335 361 426 440 quae
454 361 519 438 per
548 341 693 416 alteram
721 350 857 437 partem
886 339 1153 432 desiderantum
1191 363 1358 442 suprema

161 447 313 542 denique
332 446 484 534 sanctio,
513 453 618 539 atque
639 445 720 517 dein
742 444 1074 541 promulgandarum
1091 446 1209 540 legum
1229 457 1359 519 aucto-

158 551 268 638 ritas;
297 546 449 620 omnium
468 557 567 620 certe
586 551 806 620 comitiorum
824 548 926 642 leges
952 558 1151 638 testantur,
1179 571 1241 622 eas
1261 570 1361 622 sem-

157 674 226 752 per
262 649 375 743 Regis
410 650 552 722 nomino
585 659 621 722 et
647 649 912 746 promulgatas,
949 660 985 723 et
1014 655 1203 747 imperatas
1233 650 1359 743 brissc,

161 774 370 852 quamquam
394 753 632 848 promulgatio
664 752 708 824 ad
724 751 835 846 Regis
863 755 970 826 etiam
998 755 1221 828 executivam
1249 763 1360 852 pote-

163 867 290 932 statem
318 853 450 927 reiorri
467 877 579 952 posse
597 853 771 929 videatur.
798 855 918 930 Antea
946 855 1028 930 Rex
1044 855 1248 930 Praesidam
1267 879 1363 952 quo-

166 982 247 1056 que,
274 979 377 1054 quem
393 956 624 1031 Personalem
647 960 876 1055 praesentiae
900 963 1025 1052 rogiae
1054 961 1091 1032 in
1114 960 1257 1050 judiciis
1286 958 1363 1032 lm-

166 1070 425 1136 eumtenentem
451 1060 563 1134 luisse
596 1057 770 1148 diximus,
809 1060 853 1131 ad
878 1059 1047 1134 Tabulam
1075 1061 1282 1135 inferiorem
1314 1085 1362 1134 ex

167 1187 232 1240 suo
262 1163 464 1240 nominabat
492 1163 652 1252 delectu,
681 1172 862 1258 postrema
888 1161 1036 1238 comitia
1062 1163 1126 1239 lus
1156 1165 1361 1239 Praesidcm

168 1267 236 1344 sibi
254 1290 274 1342 a
293 1265 458 1342 membris
478 1269 534 1339 sui
551 1262 703 1361 (lollegii
722 1265 878 1361 eligendi
898 1267 1120 1343 addixerunt.

691 1473 728 1561 ᾖ.
757 1474 843 1547 412.

353 1719 355 1728 Ι
449 1624 545 1696 Juru
563 1603 650 1696 atem
671 1623 883 1696 cornutula
904 1620 1076 1715 Collegit.

270 1767 507 1848 Econverso
533 1774 783 1869 cooperativus
816 1763 852 1844 in
881 1769 1156 1865 legislationem
1197 1769 1364 1868 inlluxus,

169 1876 311 1972 quodve
337 1898 384 1948 ex
410 1874 530 1949 indole
548 1875 651 1965 hujus
681 1877 870 1972 provenit,
898 1874 1048 1948 facultas
1065 1876 1199 1969 Regias
1218 1877 1364 1973 Propo-

170 1983 338 2077 sitiones,
366 1978 476 2052 salvis
504 1978 661 2074 alioquin
680 1976 952 2070 obligationibus
972 1999 993 2048 o
1021 1988 1216 2074 systemate
1235 1980 1365 2074 Regni,

168 2083 357 2179 legumque
377 2085 586 2154 auctoritate
616 2079 897 2177 profluentibus,
925 2080 1185 2176 amplectendi,
1214 2093 1272 2155 aut
1298 2083 1367 2154 de-

171 2185 348 2275 clinandi,
397 2183 635 2272 Gravamina,
681 2193 717 2255 et
752 2183 931 2256 Postulata
966 2184 1216 2279 proponendi,
1262 2195 1367 2281 atque

171 2301 321 2364 eatenus
340 2309 419 2358 cum
435 2285 550 2380 Regia
577 2282 765 2376 majestate
784 2284 979 2374 tractandi,
1009 2296 1090 2358 sunt
1119 2286 1264 2358 totidem
1281 2289 1368 2360 Jura

172 2391 352 2479 Statibus,
381 2399 417 2462 et
445 2387 633 2461 Ordinibus
661 2386 860 2459 diaetaliter
890 2392 1118 2481 congregatis
1145 2389 1250 2479 olim,
1277 2412 1370 2462 nunc

172 2496 306 2591 pariter
325 2490 493 2563 comitiali
512 2491 656 2584 corpori
673 2498 752 2560 noo
764 2487 951 2578 ordinato,
980 2493 1038 2576 in,
1068 2500 1103 2562 et
1122 2493 1209 2563 citra
1229 2497 1369 2566 comitia

171 2599 338 2694 propria,
357 2615 400 2664 ac
418 2610 565 2688 prorsus
585 2592 725 2663 eximia.
754 2590 813 2664 Ad
830 2589 919 2662 baec
936 2591 1103 2687 Ablegati
1123 2591 1368 2686 Comitatunm,

171 2705 241 2774 nisi
274 2693 454 2792 gremialis
484 2691 658 2766 Nobilitas
688 2693 778 2766 banc
803 2715 1039 2790 expensarum
1067 2697 1224 2790 speciem
1255 2695 1370 2795 (quod

172 2803 263 2875 ultra
292 2797 469 2870 dimidium
495 2797 652 2870 seculum
671 2801 838 2869 continuo
859 2795 983 2889 fiebat)
1004 2801 1039 2869 in
1066 2818 1106 2870 se
1125 2802 1366 2890 assumsisset,

172 2910 279 3002 prout
307 2911 344 2972 ct
373 2897 560 2973 civitatum
580 2922 600 2972 c
624 2902 838 2996 respectivis
859 2896 979 2973 Cassis
1000 2899 1229 2974 domesticis:
1258 2898 1369 2997 Capi-

172 3006 325 3079 tulorum
342 3023 457 3094 voro,
486 3011 591 3099 atquc
610 3001 808 3076 absentium
834 3025 854 3073 e
872 3005 1011 3098 privata
1037 3025 1181 3076 suorum
1199 3001 1372 3077 Commit-

173 3111 320 3181 tentium
338 3127 432 3203 penu
452 3105 659 3201 stipendiis,
686 3105 797 3198 vulgo
818 3103 950 3177 diurnis
968 3105 1050 3178 inde
1071 3105 1112 3177 ab
1139 3129 1232 3179 anno
1253 3131 1372 3180 nona-

175 3214 312 3306 gesimo
332 3211 444 3308 primo
464 3210 577 3283 seculi
595 3209 726 3306 prioris
747 3217 953 3280 constanter
971 3207 1259 3304 providebantur.
1280 3211 1373 3282 Uni-

129 3395 140 3410 „
173 3336 282 3389 versa
316 3320 433 3386 autom
460 3310 615 3384 membra
654 3311 844 3382 comitialia
882 3309 946 3383 sub
975 3311 1075 3384 salvo
1115 3317 1373 3385 constituuntur

174 3414 370 3505 conductu,
398 3435 547 3509 quorum
576 3411 713 3485 scilicet
733 3417 916 3486 securitati
934 3412 1096 3486 Instituta
1124 3423 1259 3504 nostra,
1277 3435 1372 3509 poe-

175 3539 240 3591 nas
259 3521 296 3590 in
314 3517 395 3589 illos
413 3515 613 3613 peculiares
633 3514 821 3590 statuendo
840 3513 905 3607 l),
935 3519 994 3611 qui
1012 3517 1213 3604 individua,
1233 3513 1276 3586 ad
1295 3512 1372 3586 Co-

174 3623 271 3694 mitia
296 3623 529 3718 pertinentia,
555 3617 698 3708 verbis,
727 3617 902 3712 factisque
932 3620 1116 3711 injuriosis
1134 3619 1371 3708 lacesserent,

175 3731 403 3821 prospectum
429 3720 630 3793 voluerunt.
658 3719 780 3794 Obiter
808 3720 961 3809 adnoto,
998 3720 1134 3795 salvum
1164 3720 1373 3793 conductum

177 3826 221 3898 ad
240 3826 505 3919 conscriptores
524 3822 704 3911 locorum,
732 3832 836 3919 prout
856 3831 892 3894 et
915 3822 959 3895 ad
986 3821 1141 3896 membra
1159 3821 1374 3917 Deputatio-

43 3974 45 3976 -
177 3931 247 4018 uis,
268 3949 358 4024 quae
378 3929 570 3999 occasione
592 3924 778 3998 electionis
797 3948 943 3998 munere
963 3946 1027 3998 suo
1048 3922 1264 4018 defungitur,
1284 3947 1375 4022 pro-

180 4030 301 4120 tendi,
329 4031 389 4124 qui
416 4026 566 4125 proinde
595 4051 641 4100 ex
658 4027 713 4101 his
742 4050 951 4124 quemquam
968 4027 1094 4116 laedit,
1121 4027 1218 4099 illum
1244 4027 1375 4100 actioni

178 4133 350 4205 criminali
369 4129 567 4223 subjacere.
605 4217 608 4224 ,

221 4255 260 4342 *)
285 4253 446 4334 Criminis,
470 4244 551 4336 quod
573 4261 647 4316 nota
668 4251 864 4318 lnidelitatis
887 4253 978 4316 nobis
1002 4252 1127 4330 dicitur,
1149 4251 1196 4316 rei
1216 4251 1376 4316 habeban-

263 4349 333 4425 tur,
355 4341 641 4427 mnlctabanturque
658 4419 661 4426 ¹
676 4349 783 4423 antea,
814 4342 868 4427 qui
895 4340 1069 4409 libertatem
1090 4340 1219 4408 Diaetao
1239 4341 1377 4418 turbare,
