3122 4852
185 266 259 338 12⁰

180 429 328 522 Militia,
356 451 404 508 ex
422 431 588 528 obligatis
605 428 753 529 partim,
779 433 907 527 partim
926 453 948 504 e
966 431 1206 530 stipendiariis
1225 427 1375 507 condato

181 536 295 628 magis
312 537 444 623 multo,
471 558 573 631 mam
600 545 639 607 ut
666 533 728 608 vel
746 535 814 605 ista
833 557 880 606 ex
897 537 1035 608 ratione
1065 557 1130 630 pro
1150 534 1266 608 stabili
1284 555 1378 606 con-

182 635 332 710 siderari
356 641 542 731 potuisset.
580 637 647 710 Ubi
672 642 788 707 autem
813 635 963 731 prodiga
989 636 1189 732 Principum
1206 658 1379 730 quorum-

182 739 260 810 dam
294 736 529 828 liberalitate,
564 738 712 811 oliorum
747 739 853 809 nimia
885 741 979 810 aeris
1007 737 1170 832 cupidine
1197 743 1379 830 regiorum

181 845 400 926 castrorum,
428 862 544 935 coque
572 841 790 912 attinentium
816 837 994 912 Bonorum
1022 861 1105 934 pars
1132 843 1281 912 maxima
1299 843 1379 936 pri-

181 943 275 1014 vatis
295 943 428 1030 cessit,
448 963 608 1037 onusque
626 939 796 1013 militandi
814 941 939 1012 iisdem
958 941 1001 1012 de
1021 945 1138 1012 causis
1159 941 1252 1035 apud
1270 939 1380 1012 Com-

183 1046 394 1129 munitates,
422 1042 467 1114 ad
484 1043 569 1114 illud
586 1046 684 1139 prius
715 1040 921 1132 adstrictas,
949 1046 985 1114 in
1009 1046 1249 1137 pecuniarium
1276 1064 1380 1115 com-

162 1151 350 1232 mutatum
368 1141 457 1232 fuit;
475 1153 544 1216 tam
563 1149 742 1239 copiarum
760 1164 947 1232 numerus,
970 1166 1072 1238 quam
1091 1153 1248 1238 systema
1266 1147 1381 1240 ipsum

183 1243 404 1316 defensionis
440 1249 625 1318 continuas
654 1247 866 1318 mutationes
899 1245 1018 1318 subire
1048 1244 1176 1316 debuit.
1224 1245 1381 1317 Tandem

182 1345 310 1440 Regno
330 1349 366 1418 in
384 1345 560 1420 factiones
580 1348 721 1436 diviso,
750 1356 786 1417 et
804 1349 906 1437 eius,
935 1370 977 1418 ac
994 1346 1209 1440 reliquarum
1226 1347 1382 1420 Provin-

183 1452 315 1520 ciarum
334 1446 378 1519 ad
397 1446 574 1522 Coronam
592 1449 824 1545 spectantium
853 1460 953 1545 parto
972 1468 1122 1545 prorsus
1151 1453 1341 1544 conspicua
1360 1469 1381 1517 a

182 1549 342 1622 barbaris
362 1560 556 1646 occupata,
586 1554 766 1623 exercitus
794 1555 939 1644 regius,
966 1559 1139 1646 quatenus
1160 1550 1381 1644 ¹hungaricus

184 1651 253 1724 dici
270 1659 433 1744 poterat,
463 1650 507 1721 ad
525 1652 626 1723 solos
645 1673 738 1746 pene
757 1651 1027 1745 stipendiarios,
1055 1660 1160 1743 atque
1179 1673 1244 1722 eos
1262 1650 1381 1739 rediit,

183 1754 243 1846 qui
259 1753 297 1824 iu
310 1747 467 1824 Comitiis
486 1772 551 1847 pro
566 1752 717 1848 periculi
733 1751 972 1845 magnitudine
993 1749 1139 1824 subsidii
1157 1755 1269 1824 instar
1286 1761 1383 1824 tem-

53 1883 57 1892 ·
182 1853 326 1952 porario
345 1851 593 1926 offerebantur.

708 2058 743 2145 §.
775 2058 858 2132 522.

488 2210 614 2304 Usque
642 2205 778 2282 Ocrola'
810 2208 862 2280 VI.
892 2221 1075 2300 tempora.

287 2358 404 2430 Aliam
430 2353 559 2430 Garolo
579 2355 641 2426 VI.
671 2350 825 2426 Caesare
852 2363 994 2448 sceptra
1021 2353 1225 2447 Hungariae
1253 2353 1381 2425 mode-

185 2469 310 2547 rante,
337 2478 397 2530 res
416 2458 575 2528 militaria
594 2449 722 2528 faeiem
741 2456 873 2544 induit,
902 2453 966 2526 sub
987 2477 1055 2549 quo
1084 2457 1249 2551 systema
1268 2456 1381 2528 stabi-

183 2561 228 2632 lis
247 2559 418 2647 Militiae,
445 2559 545 2646 cujus
571 2556 871 2647 introducendae,
909 2557 1178 2652 servandaeque
1215 2561 1382 2628 necessi-

184 2671 292 2733 tatem
312 2657 519 2734 Conventus
537 2658 652 2753 Regni
670 2659 786 2755 palam
805 2669 1003 2752 agnoverat
1033 2659 1090 2752 ⁸),
1118 2681 1184 2754 pro
1206 2661 1381 2730 constanti

184 2763 354 2851 invaluit,
382 2760 553 2855 simulque
580 2762 761 2855 legionum
791 2760 1060 2855 hungaricarum
1086 2759 1270 2856 Suppletio
1298 2765 1382 2832 ine-

184 2863 338 2937 vitabilis
359 2867 496 2952 evasit,
525 2887 615 2959 quae
645 2864 821 2936 ordinarie
849 2863 988 2958 quidem
1006 2861 1117 2934 libera
1144 2862 1380 2943 conductione

184 2969 369 3065 procurari
387 2965 601 3054 intenditur,
628 2966 707 3038 dum
735 2975 851 3036 autem
881 2964 1110 3060 Reipublicae
1139 2965 1231 3034 ratio
1261 2964 1297 3035 id
1315 2987 1381 3035 ur-

186 3069 327 3164 gentius
347 3069 519 3164 deposcit,
539 3068 703 3163 Tyronea
722 3066 909 3140 statuendo
929 3068 1134 3162 suppletur,
1154 3066 1249 3160 quod
1265 3067 1381 3160 Regni

185 3171 458 3245 Jurisdictioues
476 3171 513 3242 in
532 3169 693 3242 ellectum
712 3168 898 3242 deducunt.

698 3397 733 3485 §.
764 3395 847 3470 523.

613 3549 693 3636 Quo
722 3562 760 3620 et
786 3548 967 3634 Ooofim‘a.

291 3685 449 3773 Classem
475 3697 651 3792 regularis
677 3716 813 3791 aeque,
842 3717 884 3766 ae
911 3693 1045 3772 stabilis
1070 3691 1217 3766 Militiae
1237 3691 1381 3764 alteram

189 3800 347 3878 Confinia
375 3799 507 3871 faciunt
532 3801 622 3891 (53)
643 3797 768 3869 dudum
788 3797 942 3888 alioquin
969 3795 1071 3867 nobis
1101 3797 1256 3887 cognita,
1292 3817 1383 3890 pro-

184 3904 345 3999 bataque.
375 3899 452 3972 Nec
483 3901 575 3971 enim
600 3897 788 3986 Baronum,
832 3896 1089 3968 limitaneorum
1114 3895 1381 3968 Praefectorum

186 4006 401 4101 reliquorum
420 4000 514 4073 aliud
531 3999 718 4095 aliquando
735 4021 822 4094 prae
842 3999 953 4069 altero
980 4007 1056 4068 erat
1075 3995 1248 4088 Officium,
1280 4020 1387 4090 quam.

185 4111 368 4203 imperium
386 4105 537 4177 militare
555 4104 591 4173 in
620 4122 710 4190 cos,
748 4100 872 4196 quihus
903 4098 966 4171 sub
1004 4090 1381 4188 obligationelimites
1467 4190 1471 4195 ¹
1527 4103 1550 4128 ⁹·

184 4207 300 4302 Regni
319 4205 464 4294 tutandi,
493 4205 628 4292 domus,
665 4222 818 4300 ruraque
842 4203 916 4292 jam
942 4197 1023 4271 olim
1059 4197 1160 4271 fuere
1187 4204 1379 4294 assignata.

183 4354 388 4370 ——d

214 4417 240 4485 ⁸)
260 4421 337 4474 171⁵.
355 4420 381 4476 Β.
