3138 4858
1270 243 1318 319 '19

126 407 221 500 alibi,
249 418 285 482 et
303 431 372 506 qua
389 408 608 504 plenitudine
628 412 796 502 obtineat,
814 431 929 484 meum
946 431 1019 484 non
1037 418 1093 485 est
1111 409 1321 507 disquirere.

125 510 230 607 Apud
264 533 330 584 nos
358 511 422 585 Jus
449 514 542 587 istud
578 525 656 589 esto
694 538 740 588 err
774 515 895 587 indole
912 513 1108 607 Regiminis
1136 515 1322 611 procedat,

125 613 260 706 Regiae
279 614 477 704 Majestatis
501 620 692 713 personale
720 620 861 689 omnino
888 619 1081 704 constituit,
1119 625 1155 687 et
1183 619 1324 712 quidem

127 715 229 789 effato
272 716 393 810 legum
425 716 582 814 legitime
619 730 811 792 coronatae
853 717 1036 791 exclusive
1065 723 1246 812 proprium
1275 721 1321 810 ⁸).

126 817 183 890 Nil
202 828 317 890 autem
336 818 379 889 de
405 816 471 892 hac
501 820 587 896 solis
605 821 763 916 Regibus
782 821 923 896 adserta
950 828 1131 915 potestate
1165 820 1325 916 decerpit

125 919 325 1016 quidquam,
345 920 438 1014 quod
455 923 608 997 Praelati
626 927 745 1018 aliqui,
764 923 951 1016 Regnique
969 920 1147 994 Palatinus
1166 921 1324 1012 Litteris,
1426 931 1429 938 ’

124 1021 307 1116 Privilegii
336 1021 484 1096 formam
513 1025 813 1121 praeferentibus,
840 1022 999 1120 praedia,
1027 1032 1063 1094 et
1087 1021 1180 1096 bona
1207 1023 1324 1096 tribu-

126 1135 184 1196 ant
210 1122 419 1197 immobilia:
448 1148 527 1198 nam
556 1131 623 1202 ista
652 1129 694 1202 ab
723 1128 861 1220 Regum
886 1129 1044 1220 ipsorum
1080 1127 1325 1218 originetenus

123 1247 334 1320 promanans
362 1230 539 1320 activitas,
557 1270 609 1281 -
628 1227 812 1302 admodum
831 1229 1062 1321 caeteroquin
1090 1232 1255 1300 restricta
1272 1265 1325 1280 —-

126 1331 373 1425 exceptionem
399 1332 512 1422 magis
541 1355 562 1402 a
579 1332 704 1424 regula
723 1331 897 1402 communi
914 1327 1065 1417 redolet,
1094 1348 1161 1401 nec
1178 1329 1324 1424 pariles,

125 1430 221 1525 quod
233 1432 306 1522 J'am
324 1429 476 1506 vidimus
493 1434 671 1529 producit,
691 1433 848 1506 effectus.

648 1659 685 1746 §.
715 1661 801 1734 347.

620 1834 826 1926 Requteito.

229 1999 336 2072 Plura
352 1999 492 2070 iuterim
509 1999 604 2068 circa
621 2002 891 2070 concessionem
903 1997 1175 2091 Priuilegiorum
1193 1998 1325 2071 obser-

128 2099 244 2176 vante
262 2098 561 2194 praescribuntur,
587 2101 747 2172 nimirum
767 2121 812 2171 ne
830 2099 907 2171 Juri
924 2100 1057 2190 divino,
1078 2120 1142 2172 seu
1160 2101 1324 2188 naturali,

129 2223 195 2277 scu
210 2203 380 2297 positivo,
396 2223 489 2276 neve
509 2206 681 2274 communi
699 2200 815 2296 Regni
834 2200 1097 2291 constitutioni,
1116 2209 1153 2271 et
1171 2201 1246 2291 lini,
1263 2201 1325 2275 vel

128 2306 245 2376 avitae
264 2303 416 2375 libertati
435 2304 670 2394 adversentur
700 2301 760 2394 b);
781 2327 870 2399 quae
891 2314 1017 2377 cuncta
1046 2311 1170 2398 suapte
1188 2303 1326 2376 intelli-

127 2415 267 2498 guntur.
295 2404 328 2478 N
331 2427 350 2477 e
369 2417 556 2500 praeterea
574 2405 651 2478 Juri
671 2406 866 2503 cujuspiam
880 2411 1019 2481 ratione
1038 2407 1143 2478 etiam
1162 2403 1247 2497 loci,
1265 2405 1327 2480 vel

129 2510 328 2603 temporis,
355 2509 416 2582 vel
435 2512 626 2604 ‘utriusque
655 2507 758 2582 simul
793 2509 1037 2605 praejudicent
1067 2509 1113 2597 ⁰),
1150 2505 1251 2601 quam
1280 2509 1324 2580 ob

130 2621 272 2682 causam
307 2609 479 2683 clausula:
518 2609 678 2702 ,salvo
704 2609 725 2680 J
736 2631 818 2683 ure
846 2612 1026 2683 alieno“
1053 2607 1225 2702 religiose
1256 2610 1324 2681 ad-

124 2710 189 2799 jici
214 2715 405 2788 conaverit
421 2710 477 2804 ἢ,
504 2721 542 2784 et
565 2712 626 2785 vel
642 2719 834 2808 propterea
851 2713 1043 2807 Privilegia
1069 2713 1138 2782 rite
1163 2711 1325 2805 promul-

129 2817 207 2903 gari
234 2823 395 2908 oportet;
419 2811 483 2906 **)
513 2814 683 2909 quaedam
700 2815 830 2910 plane,
856 2815 969 2888 veluti
985 2825 1091 2886 antea
1109 2811 1236 2904 Nauli,
1263 2815 1326 2889 vel
1463 2815 1466 2820 ’

132 2914 284 3005 Telouii,
314 2924 418 3009 atque
449 2919 636 2988 etiamnum
654 2914 893 2990 Nundinarum
912 2921 969 3008 iis,
998 2937 1144 3012 quorum
1162 2917 1325 3009 interest,

132 3035 206 3087 non
225 3016 364 3107 auditis,
394 3018 555 3114 expediri
582 3040 654 3089 non
682 3020 809 3094 solent.
854 3019 973 3091 Facile
1000 3016 1082 3090 hinc
1106 3014 1326 3110 intelligitur,

7 3195 8 3202 ἵ
132 3116 250 3189 dolum
278 3141 417 3212 quoque
445 3141 582 3193 omnem
627 3120 836 3213 longissime
872 3120 1000 3194 abesse
1044 3117 1185 3191 debere.
1227 3118 1329 3192 Unde
1460 3116 1462 3120 ’

132 3216 361 3312 Privilegium
377 3223 465 3294 vitio
495 3223 573 3295 sive
598 3219 840 3319 obreptionis,
868 3243 937 3316 quo
963 3219 1091 3294 falsum
1120 3214 1330 3311 obtruditur,

131 3322 210 3394 sive
236 3319 491 3419 subreptionis,
519 3343 588 3417 quo
606 3328 742 3398 veritas
768 3325 916 3415 celatur,
934 3321 1120 3412 laborans,
1150 3320 1182 3392 si
1208 3322 1327 3420 impu-

132 3430 278 3515 gnetur,
304 3425 341 3495 in
358 3425 493 3498 irritum
511 3423 593 3498 abit.

173 3564 212 3652 *)
235 3567 384 3632 Formula
405 3569 490 3646 baec,
514 3588 604 3650 quam
626 3567 726 3632 Patrii
749 3566 978 3632 «Iurisconsulti
1000 3566 1095 3647 vulgo
1118 3566 1331 3630 salvifice-

217 3655 366 3718 toriam
388 3655 580 3737 praedicant,
613 3655 747 3736 idganus
782 3654 914 3718 Litteris
937 3652 1090 3716 inseritur
1111 3673 1149 3716 ex
1170 3671 1231 3717 usu
1253 3673 1332 3735 per·-

215 3759 306 3822 quam
331 3749 472 3806 vetuste:
496 3741 609 3822 quodsi
630 3749 733 3818 tamea
755 3739 980 3822 praetermissa
1001 3739 1110 3816 luerit,
1124 3739 1332 3821 Privilegium

219 3845 283 3888 non
305 3826 391 3890 illico
413 3827 534 3890 nullum
557 3834 623 3904 est3
654 3847 762 3890 rernm
790 3828 829 3889 ad
851 3824 938 3910 ejus,
972 3844 1060 3906 quem
1083 3828 1196 3890 damno
1219 3826 1333 3903 adficit,

221 3913 447 3992 querimoniam
469 3932 528 3995 pro
557 3912 696 3975 invalido
719 3913 963 3994 pronunciatur:
995 3931 1033 3974 ea
1059 3930 1191 3992 namque
1213 3910 1334 3995 adjecta

218 3998 281 4097 sit,
294 3998 344 4061 vel
366 4017 468 4078 secus,
483 3998 688 4063 nihilominus
706 3999 812 4067 inesse
829 3997 1072 4082 consonaque
1087 3998 1239 4064 neminem
1254 4016 1334 4060 con-

163 4217 190 4283 ·)
210 4219 284 4274 Part.
301 4223 334 4272 ll.
353 4227 385 4274 tt
404 4181 438 4276 ’7.Ι
452 4227 479 4273 et
497 4235 556 4288 aeq.
575 4221 651 4275 1791.
670 4227 722 4275 art.
739 4221 765 4276 3.
785 4228 813 4276 et
831 4223 874 4277 ³2.

162 4305 191 4372 n)
210 4308 322 4373 Prolog.
342 4310 397 4362 ult.
413 4308 438 4362 9.
458 4313 488 4360 et
504 4310 578 4362 Part.
595 4311 629 4366 ll.
648 4293 680 4368 tt
698 4311 742 4367 10.

164 4391 191 4457 ο)
209 4393 261 4448 cu.
279 4395 309 4447 Ρ.
326 4395 361 4449 11.
380 4398 416 4452 at.
432 4394 458 4449 9.
476 4399 503 4449 et
521 4395 564 4452 10.
815 4403 817 4410 ’
