3122 4852
214 235 269 330 'eo

217 441 302 496 esse
326 423 561 520 Religionum,
588 424 624 495 iu
642 423 768 517 Regno
787 424 1025 516 existentium,
1043 423 1195 518 legalem
1212 423 1412 498 libertatem

217 528 322 615 tueri,
351 551 393 599 ac
410 547 635 622 propugnare
655 527 793 616 (469);
812 525 847 598 id
865 527 957 598 euim
974 531 1065 599 ratio
1084 529 1161 622 ipsa
1190 526 1413 599 exercendae

217 630 254 699 iu
279 647 387 701 seusu
409 627 645 699 tautummodo
674 628 792 720 legum
827 631 1037 701 executivae
1067 632 1255 724 potestatis
1293 649 1414 700 secum

218 729 300 816 fert,
328 731 510 822 speciatim
546 739 682 817 autem,
711 738 875 823 quantum
903 731 1027 802 adres
1055 740 1220 816 nostrus,
1252 729 1416 824 deposcit

218 829 311 904 istud
334 835 481 924 iusuper
509 833 725 924 inauguralis
752 830 984 925 DiplomutiS,
1022 842 1128 926 atque
1162 831 1411 922 Jurisjurandi,

219 935 430 1004 occassione
467 928 717 1010 coronationis
753 936 932 1027 praestiti,
977 936 1231 1021 sanctimonia,
1274 955 1343 1028 quo
1372 951 1412 1006 se

217 1035 389 1129 Princeps
418 1033 599 1106 Ecclesias
617 1033 697 1122 Dei,
725 1043 760 1104 et
777 1033 993 1126 Reguicolas
1013 1056 1136 1106 omnes
1153 1039 1190 1107 iu
1208 1037 1282 1107 suis
1300 1035 1413 1106 liber-

217 1135 345 1208 tatibus
372 1147 662 1208 conservaturum
681 1155 854 1230 expresse
882 1135 1080 1231 pollicetur.
1110 1136 1227 1222 Quare
1254 1137 1413 1233 proderit

130 1259 133 1264 ·
217 1237 323 1336 paulo
354 1240 508 1309 curatius
538 1237 727 1332 dispicere,
746 1277 798 1289 -
814 1238 897 1333 quid
921 1238 989 1310 hoc
1018 1237 1118 1310 titulo
1137 1238 1322 1311 Ecclesiae
1348 1262 1413 1310 ca-

220 1341 386 1429 tholicae,
414 1339 495 1433 quid
514 1349 733 1412 caeterarum
749 1338 976 1433 Religionum
995 1341 1144 1415 asseclis
1163 1344 1199 1414 iu
1219 1341 1411 1436 Raugonia,

220 1440 450 1535 Partibusque
470 1441 616 1512 adnexis
636 1446 814 1538 proprium
833 1448 899 1530 sit,
927 1452 963 1514 et
975 1467 1064 1538 quae
1083 1443 1208 1515 abinde
1228 1455 1298 1516 tam
1314 1444 1413 1531 Jura,

222 1565 324 1638 quam
344 1542 580 1636 obligationes
598 1543 787 1639 Imperanli
812 1547 994 1638 speciatim
1013 1554 1216 1637 exsurgant.

743 1742 780 1828 §.
810 1745 896 1816 473.

269 1894 315 1965 Iu
340 1896 466 1984 specie
491 1911 580 1964 cero
607 1896 748 1982 reptare
774 1891 829 1963 cd
851 1889 1089 1983 Religionem
1118 1892 1361 1966 corneorum.

319 2037 690 2114 Romano-Catholica
708 2062 773 2137 per
791 2039 908 2133 legem
926 2063 946 2112 a
965 2040 1002 2113 S.
1021 2039 1202 2136 Stephano
1232 2038 1339 2109 latam
1369 2037 1416 2128 ³),

218 2165 287 2216 uec
303 2165 375 2216 uou
392 2141 687 2216 fundamentalem
713 2144 870 2231 alteram,
904 2164 994 2236 quae
1026 2141 1117 2214 hauc
1144 2143 1302 2238 legitimo
1329 2159 1416 2210 suc-

220 2248 369 2332 cessori,
397 2244 476 2316 dum
494 2244 732 2318 haereditaria
751 2245 934 2316 successio
950 2244 1329 2338 RegnantiProsapiae
1349 2239 1416 2312 ad-

220 2348 312 2418 dicta
332 2345 409 2432 fuit,
436 2368 502 2441 pro
522 2345 725 2418 conditione
752 2343 983 2440 profitendam
1005 2350 1237 2442 praescripsit
1267 2343 1316 2435 ¹³),
1343 2364 1416 2416 uou
1473 2354 1477 2364 ’

220 2458 352 2520 tautum
377 2445 561 2540 Religio
588 2448 888 2519 Dominantis
919 2468 1002 2520 esse
1038 2446 1163 2539 dehet,
1200 2447 1265 2520 sed
1300 2445 1416 2538 Regni

221 2548 392 2637 exordiis,
419 2550 517 2639 cujus
542 2548 647 2641 paulo
666 2558 747 2619 ante
775 2550 938 2638 memini,
964 2570 1121 2638 coaeva,
1149 2560 1271 2643 totque
1296 2547 1416 2640 legum

220 2650 398 2746 praesidio
427 2653 622 2721 eminenter
650 2653 891 2740 communita,
936 2659 1016 2722 actu
1042 2653 1147 2722 etiam
1172 2649 1343 2749 peculiari
1369 2648 1414 2719 ad

220 2751 442 2841 majestatem
460 2751 634 2823 relatione
653 2755 826 2825 consistit.

740 2954 777 3040 δ.
807 2956 893 3028 474.

505 3101 687 3175 Urebatur
711 3105 804 3176 Iure
829 3101 976 3176 Placete·
998 3107 1117 3196 Regii.

322 3249 464 3322 Occurit
492 3250 548 3322 hic
576 3250 756 3324 Placetum
784 3252 946 3346 Regium,
975 3274 1043 3347 quo
1074 3253 1215 3324 nomine
1244 3253 1417 3347 intelligi-

219 3364 277 3427 tur
299 3355 358 3446 jus
379 3350 600 3444 prohibendi,
638 3374 683 3423 ue
715 3355 934 3444 constitutio,
971 3355 1032 3429 vel
1066 3353 1239 3426 ordinatio
1266 3355 1419 3428 Romani

220 3453 401 3528 Pontificio
428 3463 509 3526 ante
527 3452 663 3557 Regiae
692 3453 889 3544 Majestatis
921 3476 1134 3529 consensum
1160 3457 1417 3552 promulgetur,

220 3559 347 3632 nedum
374 3551 513 3625 effectui
531 3559 760 3651 mancipetur.
788 3557 999 3651 Perpetuum
1017 3557 1149 3629 Placeti
1180 3581 1293 3650 usum,
1322 3581 1414 3655 pro-

221 3658 317 3731 fecto
344 3683 364 3732 a
393 3653 550 3748 Regibus
577 3659 710 3728 uostris
740 3678 915 3752 uunquam
943 3681 1029 3732 saue
1066 3658 1256 3750 dimissum,
1283 3659 1418 3750 Kollar,

220 3759 383 3832 Bencnur
421 3761 467 3848 ⁰),
497 3757 625 3851 aliique
643 3757 764 3850 plures
793 3759 1035 3833 demonstrare
1062 3765 1179 3834 conati
1205 3773 1296 3835 sunt.
1326 3758 1419 3837 Ser-

220 3861 351 3939 rabant
375 3857 461 3931 illud
487 3861 648 3950 graviori
673 3865 931 3953 praecaeteris
961 3866 1082 3956 rigore
1100 3863 1246 3956 Reges,
1275 3864 1414 3961 quaudo

222 3986 263 4039 se
280 3987 300 4036 a
319 3961 413 4036 Sede
438 3981 583 4032 romana
610 3961 795 4052 injuriatos
822 3964 1013 4057 putabant,
1051 3968 1087 4036 iu
1108 3967 1272 4062 exemplo
1296 3967 1418 4062 Sigis-

222 4107 430 4124 *mu—nav·-

252 4153 279 4220 ·)
298 4157 366 4206 Dec.
385 4155 414 4205 L.
435 4156 460 4206 1.
480 4153 509 4204 (t.
530 4154 554 4205 1.

251 4241 280 4302 ¹⁸)
299 4243 376 4296 1⁷2³.
395 4241 422 4292 2.

253 4331 279 4396 ο)
297 4327 392 4382 Rollir
419 4329 452 4379 de
476 4325 543 4392 orig.
571 4331 600 4378 et
621 4341 675 4378 usu
694 4342 768 4393 perp.
787 4332 886 4393 potest,
904 4327 1005 4388 truisi.
1022 4331 1150 4384 Beucunr
1174 4331 1201 4386 lu
1222 4331 1319 4383 lalbroa
1355 4326 1418 4382 issct

243 4479 247 4486 ι
302 4397 343 4464 tut
361 4398 400 4452 oet
419 4393 511 4463 iterem
530 4392 569 4464 iit
587 4394 624 4454 rto
642 4395 714 4466 iterat
732 4394 788 4456 itta
805 4393 923 4465 utilitia
940 4393 1050 4457 actem
