3138 4858
1279 197 1355 277 ⁴219

156 373 195 446 si·
209 365 428 443 deflectendo
447 385 643 466 parumper
658 367 701 440 ab
726 367 866 442 Urbarii
891 369 1134 458 institutione,
1165 365 1208 436 ad
1235 365 1357 461 publl-

156 494 220 546 eos
247 478 466 568 proventus,
502 473 538 542 in
570 492 774 544 communes
809 472 928 546 Status
963 469 1093 566 publici
1119 471 1357 545 necessitates

156 575 375 662 destinatos,
409 579 492 669 puta
524 573 669 662 salium,
703 573 765 646 vel
792 576 1069 663 tricesimam,
1106 574 1289 659 advertat,
1325 574 1356 644 si

154 675 336 774 perampla
363 674 448 747 Jura
484 673 578 747 Fisci
611 678 647 748 in
682 673 776 748 bona
800 675 998 765 Nobilium,
1035 677 1113 747 sine
1144 672 1355 748 haeredibus

155 779 411 868 decedentium,
436 797 505 849 nee
520 798 592 850 uon
609 777 829 852 viduatarum
839 779 1090 868 Ecclesiamm,
1106 781 1188 873 quin
1208 785 1356 848 amorte

154 881 396 955 Praelatorum
422 878 465 950 ad
490 881 587 976 ipsas
610 880 734 953 herum
762 880 950 955 facultates
971 885 1142 976 protensa
1167 881 1354 973 respiciut3

155 989 185 1058 si
210 1006 320 1080 porro
347 979 531 1057 reeordari
558 982 736 1073 voluerit,
781 986 1013 1056 communiter
1046 982 1233 1056 1111111111
1262 978 1356 1052 bona

153 1089 315 1184 privatis,
340 1086 536 1183 praemissa
560 1087 827 1177 aestimatione,
855 1085 1032 1175 conferri,
1068 1094 1105 1156 et
1132 1087 1235 1176 Juxta
1262 1081 1353 1154 hane

155 1189 368 1262 allodialium
394 1196 581 1276 terrarum,
610 1197 901 1284 caeterarumque
932 1188 1156 1261 dominulium
1185 1187 1353 1259 immuni-

153 1302 284 1381 tatum,
321 1314 363 1363 ac
395 1289 648 1363 beneficiorum
684 1311 728 1362 eo
757 1296 895 1388 pretio,
932 1292 1032 1381 eujus
1061 1311 1190 1363 census
1219 1309 1353 1360 annuus

153 1394 277 1466 huicce
306 1395 512 1465 immunitati
537 1393 805 1489 correspondet,
833 1393 875 1465 ab
900 1395 1110 1488 impetrante
1129 1395 1164 1463 in
1184 1400 1354 1463 anteces-

154 1519 230 1571 sum
252 1498 349 1589 exigi
377 1497 557 1584 svevlsse,
586 1495 746 1590 adeoque
774 1495 942 1583 eundem,
976 1516 1042 1590 pro
1076 1494 1237 1566 redemto
1262 1512 1354 1564 eou-

154 1598 258 1693 digno
287 1600 403 1693 pretio
432 1620 565 1686 onere,
602 1597 683 1669 huic
710 1601 837 1670 iterum
874 1596 998 1688 subjici
1024 1599 1106 1688 jure
1134 1600 1198 1671 vix
1226 1616 1351 1692 posse,

152 1700 316 1796 prolecto
349 1698 590 1771 confitebitur:
620 1701 735 1793 Regni
766 1700 906 1774 nobiles
930 1700 1091 1793 quidem,
1119 1708 1156 1771 et
1183 1700 1353 1793 imprimis

152 1812 343 1876 terrestres
370 1802 544 1875 Dominus
569 1802 765 1896 symbolam
795 1825 894 1876 suam
920 1803 964 1873 ad
992 1801 1112 1875 Status
1140 1802 1351 1897 indigentias

151 1903 477 1976 hactenus—cedo
496 1942 548 1957 -
564 1925 637 1974 non
656 1905 779 1976 eadem
803 1925 968 1976 mensura
998 1905 1206 1994 contulisse,
1228 1912 1354 1974 111111

150 2016 267 2077 tamen
292 2025 415 2093 onera,
428 2012 540 2076 status
557 2004 687 2097 publici
708 2005 974 2096 erogationibus
991 2004 1226 2093 deservitura,
1243 2009 1355 2098 iguo-

149 2106 241 2179 biles
262 2104 502 2177 tantummodo
521 2104 696 2177 ruricolas
725 2109 777 2179 sic
795 2105 993 2194 exclusive,
1022 2128 1064 2177 11
1087 2109 1192 2178 11111
1213 2107 1352 2196 tulisse,

150 2216 190 2278 ut
215 2205 432 2280 nobilitatem
452 2208 547 2279 nulla
575 2228 724 2301 prorsus
750 2211 786 2279 in
816 2217 916 2302 parte
952 2206 1120 2298 ferirent,
1154 2229 1221 2304 pro
1250 2231 1355 2280 com-

151 2319 271 2381 mento
298 2308 494 2404 reputabit,
539 2309 785 2406 invidiosaque
819 2312 1056 2403 aggestione,
1105 2308 1149 2380 ad
1184 2331 1354 2405 nauseam

150 2433 264 2505 usque
291 2419 387 2483 tanta
421 2432 499 2480 eum
523 2409 725 2482 1111111111·
742 2415 876 2485 nostris
905 2412 1028 2485 diebus
1051 2411 1181 2486 abillis
1201 2416 1353 2508 petissi-

150 2535 241 2583 mum
286 2512 493 2600 decantata,
548 2516 606 2607 qui
648 2535 766 2585 rerum
795 2523 998 2587 nostrarum
1036 2517 1182 2607 ignaros
1213 2514 1352 2606 fallere,

149 2613 378 2687 Juventutem
401 2616 563 2686 erroneis
582 2618 829 2710 impraegnare
862 2617 1109 2711 opinionibus,
1136 2619 1352 2690 vatinianum

150 2715 277 2806 odium,
305 2738 374 2810 quo
398 2717 545 2810 quaevis
558 2718 746 2811 privilegia
769 2741 847 2790 oum
868 2721 1103 2812 privilegiatis
1120 2739 1351 2817 prosequun-

149 2826 217 2906 tur,
245 2839 429 2890 oommune
449 2817 622 2908 reddere,
652 2841 822 2914 spargere
852 2820 1098 2910 diffidentiam,
1127 2830 1164 2893 11
1195 2827 1350 2916 quietum

151 2927 255 2991 antea
275 2921 442 3016 populum
471 2925 651 2992 concitare
680 2944 752 2994 nou
778 2923 1006 3013 desinebant,
1034 2932 1139 3018 atque
1165 2923 1349 2997 obfirmato

152 3024 266 3096 animo
295 3025 426 3117 passim
454 3025 660 3094 1111111111
685 3035 847 3118 pergunt.
904 3025 1216 3115 insurrectionem,
1244 3035 1349 3121 atque

151 3147 171 3195 1
195 3126 459 3219 quinquaginta,
487 3134 523 3196 et
550 3123 644 3218 quod
660 3127 814 3215 excedit,
850 3131 950 3200 annis
988 3126 1226 3222 compluribus
1252 3132 1348 3200 vici-

147 3224 213 3296 bus
240 3248 305 3323 per
341 3227 453 3298 selam
480 3224 707 3298 Nobilitatem
735 3226 852 3301 obluta
875 3230 1074 3322 largissima
1096 3231 1239 3302 omnino
1259 3231 1348 3303 sub-

148 3326 250 3417 sidia,
278 3327 379 3403 velut
406 3348 495 3419 quae
525 3329 816 3402 extraordinariis
846 3329 909 3403 sub
933 3331 1106 3422 adJ'uuctis
1131 3329 1249 3405 locum
1278 3331 1348 3407 ha-

145 3426 271 3520 buere,
299 3451 377 3501 eum
403 3428 580 3524 prioribus
600 3433 821 3524 conjungere
842 3432 998 3526 prudens
1017 3432 1189 3506 abstineo.

697 3629 705 3645 .
733 3579 818 3651 316.

485 3703 538 3777 Et
565 3576 740 3794 derbcipr
763 3703 1001 3798 ferientibus.

248 3824 500 3923 Supervenere
525 3827 616 3899 hanc
639 3830 675 3902 in
703 3850 778 3902 rem
812 3833 1085 3927 praeteritorum
1116 3828 1344 3909 Comitiorum
1445 3917 1454 3932 ‚

144 3926 314 4018 Decreto,
343 3928 523 4024 quedjam
543 3930 724 4004 multoties
752 3936 1048 4026 provocavimus,
1077 3939 1344 4011 sanctiones—-

144 4032 308 4102 aveteri
337 4029 454 4124 Regni
492 4029 772 4122 Constitutione,
817 4056 859 4105 11
892 4044 1088 4130 systemate
1124 4059 1171 4109 ex
1198 4040 1339 4132 integro

144 4129 388 4224 divergentes,
417 4135 516 4228 queis
546 4132 684 4230 publiea
701 4156 811 4206 onera
832 4139 881 4207 111
905 4135 1066 4227 volente,
1092 4150 1342 4234 proponente-

143 4253 212 4326 que
243 4254 318 4305 rem
346 4235 424 4330 ipsa
451 4235 511 4307 1111
532 4236 838 4330 privilegiatorum
871 4236 1014 4327 classe,
1042 4260 1131 4333 quae
1165 4249 1268 4313 antea
1299 4243 1341 4315 ab

141 4333 220 4408 istis
238 4338 400 4412 immunis
417 4337 651 4433 persistebat,
676 4360 743 4437 per
768 4337 1003 4437 Hungariam,
1032 4348 1068 4410 et
1085 4350 1206 4434 partes
1225 4343 1340 4420 adne-

1055 4444 1103 4515 rt
1120 4439 1143 4485 i*
