3122 4852
566 485 569 492 -
654 430 688 517 δ.
719 435 802 508 502.

353 577 544 664 Quaenam
569 569 811 670 Refieae‘anee
840 587 1118 657 ename‘aeanter.

232 749 368 820 Auctor
394 747 503 821 libelli
536 750 610 843 „de
638 753 806 846 regiae
834 754 1092 849 potestatis
1129 754 1176 824 in
1201 751 1323 825 Hun-
1401 823 1404 828 Α

132 851 260 944 geria
281 849 518 923 limitibus
550 853 607 943 ·)“
635 875 707 925 non
726 853 832 926 audet
860 853 999 948 quidem
1018 855 1108 948 Regi
1128 875 1325 950 supremam

130 956 167 1024 in
194 953 403 1024 educatione
435 953 571 1049 publica
606 957 866 1050 inspectionem
894 956 1113 1046 abjudicare3
1149 957 1326 1028 indubium

131 1065 248 1126 tamen
267 1076 350 1128 esse
378 1055 559 1128 contendit
588 1079 635 1129 ex
660 1058 807 1130 articulo
838 1061 1052 1147 70.1723.,
1082 1058 1326 1131 educationem

131 1159 266 1253 ipsam,
294 1158 442 1252 ejusque
468 1161 642 1230 rationem
668 1159 711 1230 ad
737 1159 877 1250 objecta
896 1161 1084 1232 comitialia
1110 1159 1240 1232 referri
1257 1158 1323 1250 ῆς

131 1259 225 1354 quod
253 1269 368 1330 utrum
396 1262 562 1332 articulus
593 1262 767 1335 adversus
797 1272 849 1336 tot
877 1263 963 1335 alias
990 1263 1114 1356 leges,
1152 1283 1324 1356 usumque

130 1361 336 1436 Seculorum
356 1364 520 1450 evincat,
548 1374 586 1435 ut
604 1363 654 1436 illi
672 1367 788 1436 visum
807 1373 886 1451 est,
916 1386 1049 1458 aequus
1069 1363 1200 1435 arbiter
1217 1363 1323 1434 facile

130 1466 333 1559 perspiciet.
355 1460 460 1534 Certe
481 1486 528 1535 ex
548 1465 624 1554 ejus
645 1465 828 1537 tenoribus
847 1468 1053 1559 petitionem
1073 1469 1166 1536 circa
1186 1486 1326 1557 augen-

131 1565 197 1654 da,
224 1565 486 1659 ordinandoque
506 1565 620 1638 studia
639 1566 765 1640 altiora
786 1588 832 1638 ex
849 1566 1131 1660 parteStatuum,
1161 1575 1325 1639 annutum

129 1689 218 1742 vcro
233 1689 279 1738 ex
296 1678 397 1762 parte
408 1667 519 1761 Regis
538 1691 583 1738 eo
603 1668 756 1759 adjecto,
777 1678 815 1738 ut
832 1667 882 1739 illi
900 1671 969 1762 ipsi
986 1668 1137 1757 modum,
1166 1668 1326 1758 formam,

130 1780 166 1840 et
183 1769 390 1841 adminicula
408 1792 521 1865 prop
534 1792 555 1842 o
568 1793 591 1842 n
602 1793 653 1842 an
664 1780 690 1858 t,
719 1768 1009 1864 exprimentibus,
1027 1773 1090 1844 vix
1108 1768 1234 1842 deduci
1252 1791 1324 1864 po-

130 1874 224 1958 terit,
252 1893 328 1942 rem
347 1869 587 1961 educationis,
615 1872 901 1964 instiutionisque
919 1870 1120 1966 publicaea
1148 1871 1325 1943 delibe-

122 1975 222 2042 rati
234 1992 254 2041 o
266 1994 318 2043 ne
338 1971 443 2044 diae
457 1983 470 2044 t
483 1972 544 2044 ali
563 1971 788 2067 dependere,
825 1982 861 2046 ct
879 1974 947 2045 nisi
966 1982 1096 2046 eunutu
1115 1968 1196 2045 binc
1215 1993 1324 2044 acoe-

129 2073 234 2146 dentc
262 2073 455 2160 efficaciam
473 2072 604 2146 babere
630 2095 752 2169 posse.

170 2218 209 2302 t)
231 2217 336 2282 Verba
358 2219 521 2283 memorati
544 2219 686 2297 articuli,
715 2239 792 2300 qaae
820 2216 886 2302 jam
917 2212 1093 2282 exscribere
1116 2237 1228 2301 cogor,
1251 2217 1325 2281 baec

212 2314 303 2368 sante
326 2305 390 2385 „Ut
412 2306 444 2368 in
461 2306 643 2372 »academiis⁴
661 2324 723 2368 non
742 2314 860 2368 tanturn
887 2304 1139 2385 philosophicam
1165 2303 1324 2386 theologi-

212 2409 322 2469 ‚,com,
356 2401 386 2454 et
412 2390 583 2475 Juridicum
618 2393 711 2456 etlam
745 2391 884 2456 studium
914 2390 1053 2454 erectius
1076 2400 1272 2471 separatum,
1294 2399 1325 2453 et

213 2478 363 2554 „statutis
385 2478 472 2540 boris
496 2498 573 2558 pure
597 2498 654 2558 pro
684 2479 852 2541 earundem
876 2477 1081 2540 Solantiarmn
1103 2477 1323 2552 auditoribus,

213 2564 289 2638 „aad
313 2571 343 2625 et
365 2562 428 2623 alie
450 2563 577 2643 quaevis
600 2563 633 2624 in
650 2564 765 2626 exteris
781 2562 1050 2627 Universitetibus
1075 2562 1196 2642 publice
1217 2561 1323 2625 doceri

211 2655 398 2724 ,‚eonsveta,
421 2656 451 2710 et
474 2649 570 2710 statui
594 2667 714 2729 quoque
737 2647 881 2728 publico,
903 2657 933 2710 et
957 2648 1086 2710 militari
1114 2645 1323 2710 deserviendo

211 2733 338 2811 „stadie
368 2742 558 2812 tractentur,
593 2742 622 2796 et
656 2752 711 2813 per
752 2733 881 2795 idoneas
914 2731 1118 2796 Professores
1151 2735 1324 2809 tradentur,

214 2821 303 2897 „ubi
345 2822 490 2883 Status
524 2831 560 2882 et
602 2818 783 2882 Ordines
827 2820 1002 2894 necdum,
1049 2820 1240 2894 termam,
1285 2827 1323 2882 et

118 2943 120 2950 ·
213 2907 377 2982 ,‚madia‚
409 2908 560 2987 quibus
592 2907 632 2968 id
661 2906 867 2968 commoda
897 2903 997 2967 lieri
1028 2906 1186 2985 possit,
1219 2907 1320 2968 Suae

213 2989 446 3072 „Majestati
469 2991 790 3054 sacratissimae
821 2991 1003 3054 demisse
1035 2991 1319 3067 submiserint,

212 3093 304 3152 „pro
328 3077 450 3157 Regia
474 3077 731 3157 benignitate
754 3096 825 3139 sua
848 3076 941 3139 huic
963 3095 1118 3158 quoque
1141 3076 1321 3139 demisso

213 3159 421 3238 „Statuam
444 3162 575 3245 petito
599 3161 817 3224 clementer
839 3165 1023 3224 annuet-‘⁶

653 3377 689 3464 ὅ.
720 3379 803 3450 503.

152 3505 156 3510 ²
263 3521 450 3596 Adaareae
475 3524 574 3595 bana
600 3530 748 3614 raptam
774 3526 1003 3597 Paraetacene
1028 3523 1179 3596 allatae.
1276 3545 1293 3602 ¹.

226 3670 421 3742 Articulum
436 3667 495 3742 152
518 3673 641 3759 1791,
662 3692 764 3766 quem
782 3673 818 3742 in
829 3670 981 3743 medium
999 3671 1104 3766 paulo
1123 3681 1204 3744 ante
1223 3680 1320 3744 attu-

123 3772 234 3844 leram
254 3769 381 3866 (496),
414 3772 473 3842 alii
490 3770 671 3862 objiciunt,
700 3781 804 3866 atque
825 3772 866 3858 ab
885 3772 955 3844 hoc
980 3773 1121 3844 condito
1139 3777 1319 3868 negotium

124 3874 342 3946 educationis
373 3876 464 3943 inter
483 3871 622 3961 objecta
647 3873 835 3945 comitialia
853 3873 1026 3946 recidisse
1054 3874 1236 3946 altirmant.
1256 3875 1319 3948 His

123 3976 285 4070 equidem
305 3974 455 4047 subiciet
475 3973 586 4048 solam
615 3975 807 4047 clausulam
840 3973 954 4046 eidem
980 3977 1224 4047 constitutioni
1252 3977 1320 4046 ad·
1423 3975 1425 3980 ’

118 4077 251 4167 Jectam
295 4077 471 4164 „salvis
512 4077 699 4165 juribus
743 4076 922 4169 regiis“
960 4077 1195 4171 opposuisse;
1239 4077 1328 4148 Rex·
1463 4091 1465 4095 ’

124 4189 221 4251 certe
235 4179 372 4270 juribus
391 4182 477 4268 suis,
503 4180 599 4252 nullo
619 4200 774 4274 unquam·
797 4188 957 4274 tempore
974 4179 1011 4248 in
1039 4179 1319 4251 controversiam

122 4353 324 4369 *n———n—-u

152 4416 178 4482 ¹)
197 4417 249 4471 Clt.
266 4419 378 4470 dissert.
397 4431 420 4483 p.
443 4417 487 4472 69.
583 4471 585 4476 ,
