3122 4852
710 407 747 494 §.
777 406 861 480 599.

489 561 548 630 De
573 561 692 628 vetere·
714 557 896 628 Plaetoria·
924 556 1067 647 Officio.

291 709 367 780 Huc
404 706 613 798 supremi
656 704 887 775 Pisetarii
942 699 1170 773 Officium
1214 699 1384 791 respexit,

190 816 290 902 cujus
316 807 430 894 simul,
460 829 502 876 ac
536 804 710 878 redituum
744 803 826 875 inde
852 803 1116 876 obvenientium
1130 801 1203 890 jam
1221 796 1340 871 Caroli
1358 795 1384 866 1.

191 917 369 986 decretum
388 910 544 980 meminit
572 908 617 998 ¹).
638 905 798 978 Debebat
817 905 953 976 seilicet
970 896 1385 996 Arebiepiscopus·Stri-

190 1013 387 1108 goniensis,
416 1009 460 1078 ad
501 1029 581 1078 uem
608 1028 733 1079 munus
752 1006 845 1077 istud
869 1003 1090 1100 pertinebat,
1119 1025 1195 1074 curn
1213 1001 1384 1093 Magistro

190 1115 469 1188 'lavernicorum
478 1032 672 1201 (begalium
686 1109 804 1196 justae
822 1107 929 1199 ligae,
949 1128 990 1176 ac
1009 1105 1237 1176 conventioni
1249 1104 1284 1172 in
1303 1122 1386 1171 aere

191 1214 351 1288 cudendo
381 1211 588 1303 advigilare,
622 1231 756 1306 perque
785 1228 870 1279 suos
899 1206 1073 1294 homines,
1119 1225 1208 1299 quos
1233 1203 1386 1274 Decreta

189 1317 469 1391 Pisetarios
490 1312 664 1400 dixerunt,
681 1309 874 1381 bonitatem
892 1330 960 1379 neo
983 1329 1147 1379 ausorum
1167 1305 1388 1377 denariorum

190 1421 315 1514 quavis
333 1413 550 1486 hebdomada
570 1411 821 1508 explorandam
850 1433 983 1482 curare.
1013 1407 1090 1480 Nee
1116 1408 1217 1500 leges
1249 1404 1386 1491 desunt,

193 1543 283 1616 quae
302 1517 620 1609 Archiepiseopum
638 1513 683 1585 ad
701 1534 825 1584 munus
845 1513 914 1584 hoc
943 1533 1055 1598 suum,
1083 1508 1198 1580 medio
1226 1505 1388 1580 Pisetarii

193 1619 405 1716 explendum
426 1616 597 1705 adurgent
627 1614 675 1704 l‘),
700 1613 896 1707 jubentque
916 1611 1112 1700 attendere,
1131 1633 1176 1682 ne
1196 1631 1328 1698 aurum,
1353 1617 1389 1678 et

194 1729 376 1814 argentum
407 1715 549 1786 crudum
568 1737 588 1784 e
606 1715 734 1806 Regno
755 1715 946 1803 efferatur,
975 1713 1038 1783 sub
1065 1734 1181 1806 poena
1212 1709 1389 1782 confisca-

193 1826 300 1894 tionis
316 1814 661 1914 praevaricatoribus
691 1814 852 1886 dictanda
883 1816 925 1905 ⁰).
954 1813 1169 1910 Proventum
1201 1811 1282 1884 hinc
1308 1812 1390 1882 Pri-

193 1927 276 1996 mati
297 1922 525 2012 assignatum,
552 1939 600 1987 ex
618 1939 686 2012 quo
706 1917 858 1988 Ptnmdn
876 1936 1012 1988 annuos
1034 1917 1186 2009 quinque
1205 1913 1299 1984 mille
1318 1910 1390 1982 ilo-

193 2046 303 2097 renos
321 2020 498 2094 Nobilium
517 2016 718 2091 educationi
732 2017 876 2106 addixit,
894 2028 974 2089 actu
991 2018 1145 2088 Pisetum
1162 2024 1313 2089 vocatur
1330 2011 1388 2101 .‘¹).

719 2220 755 2306 §.
784 2222 869 2294 600.

384 2375 500 2461 Recta
532 2369 665 2462 Officia
693 2375 797 2441 circo
822 2371 915 2443 Rem
941 2376 1201 2444 monetariam.

299 2515 596 2607 Quemadmodum
626 2524 741 2586 autem
766 2515 1057 2590 administrationi
1081 2517 1242 2612 publicae
1261 2516 1389 2587 memi-

194 2628 293 2698 nisse
319 2619 508 2706 incumbit,
535 2639 610 2687 rem
637 2622 867 2690 monetariam
884 2640 957 2691 non
977 2619 1021 2689 ad
1045 2629 1228 2713 quaestum
1246 2619 1392 2714 praeci-

193 2747 284 2821 pue,
313 2731 417 2813 atque
438 2719 481 2789 ad
500 2719 735 2790 emolumenta
755 2724 908 2809 aerarii,
938 2719 1003 2793 sed
1022 2721 1064 2791 ad
1090 2723 1290 2791 commercii
1308 2739 1392 2808 una,

197 2835 301 2918 atque
328 2824 425 2891 vitae
456 2819 570 2890 civilis
599 2821 782 2892 commoda
809 2824 988 2895 inventam
1013 2823 1182 2917 primum,
1209 2829 1313 2912 atque
1332 2821 1416 2900 in-¹

195 2923 393 2996 troductam
425 2919 557 3008 fuisse;
594 2924 642 2993 ita
668 2920 765 2992 illum
795 2923 949 3011 summa,
978 2944 1020 2993 ao
1041 2925 1130 3015 vigil
1162 2943 1244 2994 cura
1262 2928 1392 3008 manet,

196 3023 321 3122 procul
349 3022 500 3115 quodvis
527 3022 609 3094 falsi
635 3045 749 3116 genus
779 3047 799 3094 a
830 3028 904 3098 suis
932 3024 1097 3114 arcendi,
1127 3025 1226 3112 eujus
1255 3020 1393 3116 quidem

198 3127 400 3220 gravissimi
439 3123 556 3195 delicti
582 3127 658 3212 rei,
694 3147 833 3219 unaque
862 3129 899 3197 in
927 3126 1169 3216 Majestatem,
1197 3121 1393 3218 rempubli-

144 3303 152 3312 ,
197 3251 294 3316 cam,
322 3235 358 3296 et
385 3230 555 3296 concives
588 3245 673 3297 suos
702 3248 919 3322 magnopere
946 3229 1063 3316 injurii
1091 3226 1245 3299 evadunt
1271 3245 1343 3295 non
1369 3224 1394 3292 ii

192 3341 342 3414 tantum,
364 3328 519 3419 quisine
539 3326 683 3418 speciali
703 3325 875 3422 Principis
894 3329 1035 3400 lieentia
1054 3338 1243 3416 monetam,
1268 3346 1394 3419 quam-

196 3435 256 3504 vis
285 3427 386 3524 probi
412 3426 603 3520 ponderis,
633 3426 844 3521 coniciunt,
873 3438 932 3500 aut
964 3449 1108 3523 operam
1145 3424 1392 3499 fabricantibus

197 3538 398 3628 praestant3
417 3549 540 3600 verum
560 3533 676 3618 etiam,
694 3532 753 3622 qui
770 3533 954 3624 pecuniam
972 3528 1145 3624 publicam
1162 3530 1300 3615 radunt,
1320 3527 1394 3595 cir-

199 3632 417 3717 cumcidunt,
456 3631 674 3718 adulterant,
713 3631 941 3704 adulteratam
973 3635 1129 3703 scienter
1167 3627 1392 3726 expendunt,

196 3735 258 3809 vel
277 3731 415 3802 aliunde
434 3732 470 3799 in
488 3730 649 3822 Regnum
667 3733 865 3827 important.
894 3732 992 3819 Quae
1017 3754 1077 3805 res
1097 3732 1201 3828 apu'd·
1215 3751 1282 3802 nos
1302 3747 1396 3821 quo-

198 3858 267 3931 que
293 3825 510 3919 causa'fuit,
538 3832 631 3924 quod
655 3831 729 3919 jam
745 3836 869 3928 ¹prima
895 3832 1033 3930 Regum
1060 3833 1210 3931 periodo
1229 3836 1265 3904 in
1283 3829 1395 3900 falsae

198 3983 409 3998 -1——1-

228 4046 254 4112 ι)
273 4046 350 4100 tels.
369 4043 393 4111 d.
408 4049 452 4102 39.
467 4053 566 4113 etseq.

227 4133 254 4194 b)
275 4136 351 4187 1522,
371 4133 413 4185 19.
430 4161 465 4173 ·-
483 4133 561 4183 1553.
575 4133 619 4184 33.
638 4155 673 4170 ·-·
691 4135 769 4188 1557.
788 4136 830 4187 15.
850 4141 902 4188 etc.

228 4219 255 4284 θ)
274 4223 332 4270 nrt.
346 4219 418 4268 mod·
435 4219 480 4270 eit.
495 4223 523 4270 et
540 4217 618 4271 1563.
630 4218 673 4272 73.
689 4219 797 4286 aliique.

226 4300 256 4364 d)
275 4305 303 4352 ln
318 4305 386 4352 bane
402 4309 496 4354 mater.
512 4303 592 4354 utilit.
610 4305 706 4355 iterum
722 4307 799 4356 coni.
820 4302 1018 4354 Sebbnvlenerl
1034 4302 1084 4369 0p.
1099 4303 1144 4356 cit
1160 4319 1186 4368 p.
1212 4306 1274 4360 358.
1293 4311 1320 4356 ut
1338 4317 1396 4368 neq.

277 4398 313 4409 -
330 4373 398 4422 tuem
417 4373 594 4424 scnwertner
608 4369 730 4438 61111111,
747 4375 778 4424 Ρ.
794 4373 829 4424 11.
840 4369 864 4434 1.
877 4369 920 4425 17.
932 4371 960 4422 ln
973 4378 1039 4426 note
1054 4373 1177 4428 subnexo
1194 4388 1217 4428 c.
