3142 4862
1304 229 1348 300 13

192 393 237 479 l)
260 393 295 456 ln
325 389 481 472 exemplo:
517 389 546 452 si
580 411 639 472 pro
670 390 860 454 Oeeonomia
889 390 985 474 Regis
1018 393 1143 470 eadem,
1177 413 1236 476 qua
1266 394 1351 472 olim,

238 481 360 544 ratione
379 477 582 542 convenirent
605 478 739 558 aquatis,
762 477 904 554 bubalos,
926 479 1081 560 setigeras
1104 477 1199 558 alere,
1224 481 1352 544 dubium

238 585 301 628 non
325 573 384 640 est,
405 563 583 626 sanctiones
606 564 690 639 illas,
714 582 752 624 ne
775 565 814 623 ad
842 564 1037 643 privatorum
1060 583 1187 645 paseua,
1203 575 1233 630 et
1252 565 1351 631 silvas

239 651 441 732 inpellantur,
463 649 588 729 plenum
611 650 783 712 sortituros
806 648 956 731 vigorem.

168 750 237 836 ll)
262 751 431 816 clausulae
453 751 592 827 similes,
626 769 702 833 quas
737 749 797 814 Jus
832 751 988 830 publicum
1023 753 1350 817 commissorias

238 847 348 914 voeat,
379 837 663 984 rettnuqsisdmeditaet
678 837 791 986 natatile
813 837 949 986 augebulits
972 837 1048 985 elabi
1071 841 1351 1000 quopuangle'ntium

238 943 305 986 eom
330 943 429 985 aren.
477 941 504 984 re
543 941 682 985 eeanaa
727 939 830 1002 ngrae
897 942 964 984 ara
1023 935 1161 1001 ana·,
1211 944 1352 987 uano-

239 945 453 1074 strapnonnisi
469 1018 586 1088 septem
603 1009 693 1072 annis
709 1008 878 1088 antiquior,
894 943 1105 1071 resisteutlam
1123 1010 1299 1086 Nobilitati,
1315 1045 1348 1058 ·-

239 1096 329 1158 salva
352 1114 487 1176 persona
513 1095 609 1177 Regis
635 1133 675 1144 -
704 1095 795 1156 etiam
824 1115 892 1157 eum
927 1095 1168 1176 depopulatione
1198 1097 1352 1159 bonorum

241 1182 344 1260 ipsius
385 1179 529 1243 admittit.
572 1180 618 1242 Da
651 1180 781 1244 Polonia
821 1199 941 1261 quoque
980 1181 1090 1243 soribit
1122 1182 1351 1264 Touanuseb)

241 1265 486 1345 Stephanum
510 1265 728 1328 loramentum
749 1267 979 1344 interposuisse
1000 1269 1036 1327 de
1051 1266 1199 1348 religiose
1217 1286 1352 1329 servan-

242 1354 291 1414 dis
304 1351 445 1436 juribus,
468 1351 676 1422 libertatibus,
699 1360 728 1410 et
745 1351 922 1431 privilegiis
947 1370 983 1412 eo
1002 1352 1127 1413 addito:
1151 1353 1352 1433 siquidem

241 1438 314 1500 illa
337 1437 420 1499 ulla
442 1437 481 1498 in
503 1444 619 1516 parte
642 1437 835 1511 violaret,
858 1443 900 1497 ut
922 1437 966 1496 ab
989 1437 1091 1496 omni
1113 1435 1226 1510 dure,
1250 1439 1352 1517 quod

242 1525 277 1584 in
301 1525 433 1604 llegno
464 1522 599 1598 babet,
632 1521 863 1596 erroideuet,¹
881 1529 916 1582 et
938 1519 1132 1582 Prooeres
1156 1542 1174 1582 a
1197 1523 1293 1599 lide,
1317 1531 1354 1585 et

242 1608 496 1684 obedientia,
521 1627 610 1689 quam
631 1608 671 1682 ei,
693 1615 727 1668 ut
741 1605 880 1688 legitimo
903 1607 981 1688 llegi
998 1608 1120 1681 debent,
1143 1607 1353 1670 solverentur.

243 1696 306 1757 Neo
323 1694 451 1756 multum
469 1694 665 1756 atenoribus
684 1691 852 1756 clausulae
873 1700 998 1754 nostrae
1019 1693 1139 1754 abludit
1156 1693 1295 1774 Philippi
1309 1694 1353 1755 1¹·i

243 1780 440 1860 Burgundiae
463 1777 562 1840 Ducis
586 1773 798 1859 privilegium,
822 1780 904 1856 quod
928 1775 1195 1841 soliemnem
1218 1779 1297 1840 vidit
1311 1778 1352 1856 ⁰).

242 1865 284 1928 Ut
306 1865 415 1926 sileam
439 1863 555 1942 belgii,
578 1865 788 1944 aliorumque,
812 1882 847 1924 ao
869 1864 901 1924 in
925 1865 1029 1942 speeie
1052 1883 1117 1925 eam
1141 1863 1254 1928 dodoei
1276 1864 1354 1926 Mo-

244 1949 313 2012 ravi
336 1949 539 2028 Imperatoris
557 1967 692 2027 prorsus
713 1948 952 2009 consentientem
977 1950 1241 2026 constitutionem,
1265 1968 1355 2030 quam

246 2033 418 2096 Goldastus
445 2030 524 2092 lavis
546 2031 668 2111 quidem
693 2029 765 2091 fidei
788 2032 940 2108 scriptor,
973 2033 1069 2094 nullis
1098 2035 1191 2098 certis
1214 2036 1355 2098 lontibus

245 2117 402 2192 indicatis,
425 2115 573 2177 retulerat
588 2114 632 2200 d).
656 2115 741 2176 Haeo
761 2113 793 2180 in
814 2115 1017 2194 pertransitu,
1041 2136 1102 2186 non
1121 2137 1196 2180 sane
1211 2121 1242 2181 in
1260 2119 1356 2202 hujus

155 2219 158 2226 ’
245 2201 403 2267 clausulae
424 2199 646 2277 defensionem,
669 2217 760 2281 quam
786 2219 876 2262 nemo
895 2219 913 2263 a
935 2221 981 2262 me
1004 2201 1225 2282 praestoletur,
1248 2223 1356 2266 verum
1388 2275 1390 2279 ⁸

246 2291 284 2352 ad
306 2287 493 2350 refellendas
518 2286 775 2362 eriminetiones,
798 2287 888 2366 quasi
916 2287 996 2349 solis
1023 2290 1171 2350 duntaxat
1193 2289 1356 2372 Hungaris

246 2383 434 2450 monstrosa,
457 2371 562 2436 neseio
586 2390 674 2451 quae,
696 2372 777 2434 seita
799 2371 999 2452 arrisissent,
1025 2375 1171 2456 nuspiam
1195 2385 1259 2439 toto
1283 2375 1358 2438 orbe

246 2461 413 2542 aliquando
436 2458 640 2539 deprehensa.

659 2568 696 2654 §.
724 2565 867 2639 XXIV.v

491 2689 549 2766 2³⁰
579 2692 762 2784 Diploma
781 2695 996 2784 Inaugural
1015 2751 1022 2766 .

263 2818 320 2892 Ad
338 2817 624 2912 cognoscendam
652 2816 847 2909 Regiminis
876 2816 1067 2912 Hungariei
1091 2817 1238 2890 formam
1257 2840 1358 2889 oum-

158 2922 282 3018 primis
302 2920 463 3015 Diploma
481 2919 692 3012 Inaugurale
712 2918 827 2989 luoem
846 2919 1063 3014 suppeditat,
1091 2922 1152 2993 lex
1177 2919 1278 2994 nobis
1297 2922 1358 2990 in-

160 3023 265 3094 dubio
287 3021 575 3110 fundamentalis,
604 3042 672 3112 quo
694 3020 830 3091 scilieet
849 3041 889 3092 se
916 3021 1038 3114 Reges
1057 3027 1170 3093 nostri
1188 3021 1357 3093 haetenus

162 3124 206 3196 ad
234 3133 369 3194 eertum
397 3120 660 3194 administrandi
686 3122 804 3213 Regni
829 3121 988 3210 modum,
1016 3124 1227 3218 interposito
1252 3124 1358 3211 jure-

157 3224 324 3316 jurando,
354 3222 639 3317 adstringebant,
678 3223 866 3316 sigilloque
897 3245 961 3295 suo
990 3227 1176 3312 munitum,
1203 3221 1359 3297 Statibus

162 3329 197 3398 'et
232 3323 419 3398 Ordinibus
458 3323 742 3415 elargiehantur,
783 3324 929 3396 subinde
966 3348 1034 3395 una
1062 3349 1139 3396 oum
1165 3325 1359 3397 duramenti

162 3425 314 3499 formula
340 3427 495 3497 Deoreto
524 3425 689 3494 comitiali
717 3425 962 3495 inserendum
983 3426 1054 3498 Sed
1080 3427 1124 3498 de
1142 3426 1211 3499 hoo
1229 3428 1359 3522 Diplo-

165 3540 260 3602 mate
278 3529 393 3622 Regio
414 3525 516 3599 nobis
536 3521 617 3595 alibi
635 3522 778 3594 uberius
798 3524 1009 3617 loquendum
1032 3530 1110 3594 erit.

672 3648 709 3735 ὃ.
737 3647 850 3720 XXV.

164 3777 214 3850 3ἰθ
237 3781 455 3866 Paenitentia
484 3778 705 3858 tt'ennenez‘e,
740 3791 777 3847 et
790 3776 989 3848 Lz'ncenez'e
1007 3795 1089 3850 eom
1106 3773 1276 3850 Arenata
1294 3774 1358 3872 26.

580 3892 618 3950 et
637 3877 701 3947 27.
726 3883 821 3949 anai
839 3878 942 3949 1791.

265 4004 466 4079 Paoifioutio
492 4002 728 4090 Viennensis,
757 4011 793 4073 ot
811 4001 1022 4094 Lineensis,
1050 4021 1196 4095 quarum
1212 4009 1360 4095 utraque

170 4127 379 4142 *t-——fl

196 4174 223 4240 ἃ)
241 4179 317 4242 Quod
330 4179 381 4244 legi
400 4183 491 4243 potest
505 4177 531 4228 in
548 4177 587 4227 M.
602 4173 649 4225 cu.
661 4175 777 4238 Sprengl
792 4169 992 4242 stabeletate
1004 4166 1276 4238 bunssltefibtlllwl'tollt
1288 4172 1361 4224 1780.

196 4245 222 4304 b)
244 4249 273 4298 lo
293 4249 356 4298 ltlst.
374 4252 418 4301 sui
439 4254 520 4313 temp.
537 4247 568 4298 Τ.
587 4247 620 4297 ΙΙ.
640 4245 668 4295 b.
688 4247 723 4296 63
741 4260 766 4311 p.
785 4245 811 4294 8.
919 4277 921 4282 -

197 4316 224 4378 ο)
243 4331 285 4382 ap.
305 4319 399 4382 bdulg.
419 4319 449 4372 0.
468 4319 502 4373 G.
521 4318 554 4366 D.
573 4317 605 4368 Τ.
622 4314 656 4367 ΙΙ.
674 4330 733 4383 pag.
754 4315 830 4368 1815.

197 4383 225 4450 ⁴¹)
246 4387 523 4455 macerationum
542 4386 588 4440 ΙΙΙ.
