3094 4868
776 393 813 478 §.
842 393 927 464 614.

735 537 962 612 Illustratz'm

356 682 445 769 Quid
480 687 595 750 autem
629 681 895 772 praecautioni,
941 698 995 750 ne
1040 696 1157 750 onus
1203 675 1459 774 publicum

254 806 438 881 quoquo
467 778 595 854 modo
624 778 765 851 fundo
793 779 999 864 inhaereat,
1026 780 1063 852 in
1087 777 1204 872 legem
1223 776 1452 870 referendae,

253 909 374 959 ausam
402 884 561 969 dederit,
598 882 743 974 assequi
772 881 902 952 nemini
930 877 1073 950 arduum
1107 879 1309 974 adparebit,
1344 881 1454 952 modo

252 991 425 1080 tantisper
443 985 572 1058 librare
597 982 685 1055 velit
714 990 884 1054 tractatus
913 981 1106 1070 diaetales,
1135 983 1193 1074 qui
1223 983 1451 1062 ann01729.

251 1088 367 1160 locum
385 1087 602 1172 habuerant,
631 1091 735 1176 atquc
756 1092 901 1156 tenores
926 1085 1291 1175 repraesentationis,
1327 1081 1395 1153 boc
1414 1085 1453 1154 in

251 1192 376 1262 merito
406 1189 511 1260 Anno
544 1187 651 1256 1741.
674 1184 717 1256 ad
739 1195 947 1278 regnantem
975 1192 1093 1254 sotum
1121 1182 1344 1272 Maiestatem
1369 1182 1452 1255 Re-

251 1294 343 1385 giam
362 1290 572 1374 adoruatee,
601 1294 822 1378 mentemque
849 1285 1167 1357 benefacientium
1200 1283 1358 1356 Statuum
1378 1307 1453 1355 ex-

250 1391 390 1487 pendat.
420 1389 533 1462 Causa
562 1389 690 1482 quippe
717 1397 831 1458 metus
867 1397 943 1458 erat
973 1381 1104 1456 exinde
1131 1385 1316 1474 subortus,
1353 1386 1451 1479 quod

251 1492 399 1565 Carolus
427 1489 488 1563 lll.
518 1499 556 1560 ut
585 1492 620 1559 in
640 1489 717 1559 aliis
744 1486 988 1559 haereditariis
1018 1487 1216 1559 Provinciis
1255 1487 1448 1577 obtinebat,

251 1595 423 1666 Dominos
453 1601 643 1663 terrestres
672 1589 728 1658 hic
758 1611 897 1684 quoque
924 1589 1038 1660 relate
1068 1586 1112 1658 ad
1131 1586 1447 1678 Contributionem,

248 1693 449 1790 profundis
469 1693 541 1762 suis
572 1688 827 1760 colonicalibus
857 1689 1128 1777 obvenientem,
1156 1688 1361 1780 fidejubere,
1382 1711 1448 1762 sa-

223 1795 442 1888 tisdarique
472 1790 751 1876 desideraverit3
778 1799 818 1858 ut
842 1791 932 1861 adeo
960 1789 1054 1862 nulla
1073 1788 1129 1859 hic
1156 1789 1199 1861 de
1217 1811 1302 1879 usu,
1331 1803 1366 1862 et
1384 1793 1446 1860 in-

248 1895 392 1968 tellectu
410 1895 500 1986 legis
534 1912 624 1985 quae
655 1909 740 1962 sane
760 1891 803 1960 ad
829 1891 1000 1964 Dominus
1019 1901 1235 1982 terrestres,
1262 1913 1334 1963 nou
1352 1912 1443 1965 vero

203 2037 205 2042 ·
248 1998 292 2069 ad
325 1995 471 2068 Nobiles
508 1993 622 2066 solum
660 2001 801 2063 caetera
839 1993 967 2065 tributo
1011 1994 1244 2083 destinatum,
1282 1995 1444 2065 colentes

247 2097 426 2190 refertur,
454 2097 614 2190 quaestio
636 2095 820 2166 excitanda
839 2104 1002 2168 restaret.

763 2299 798 2383 s.
829 2299 913 2372 ota.
967 2277 971 2286 '

615 2441 679 2512 Ea
704 2437 874 2526 Artt'colo
902 2439 939 2538 8.
968 2437 1075 2508 1741.

347 2591 576 2684 Prospectum
595 2590 723 2683 quippe
751 2587 941 2664 voluerunt
958 2587 1114 2676 Majores
1144 2592 1284 2678 nostri,
1313 2591 1440 2686 loquor

244 2694 365 2786 utique
385 2690 428 2761 de
448 2701 606 2784 tempore
633 2694 849 2783 praeterito,
879 2691 1011 2760 nostris
1038 2691 1130 2760 enim
1160 2688 1282 2761 diebus
1303 2692 1438 2764 subluto

244 2793 382 2864 nobiles
415 2796 524 2876 inter,
553 2800 588 2861 et
615 2791 790 2884 ignobiles
821 2791 1019 2862 discrimine
1050 2792 1213 2882 omnique
1246 2793 1438 2865 incolarum

245 2893 461 2978 differentia,
490 2892 605 2985 quivis
635 2895 829 2964 communia
861 2914 971 2965 onera
1000 2890 1096 2964 ferre
1132 2890 1360 2986 obstringitur
1390 2895 1435 2984 ¹),

245 3015 322 3066 cum
341 2991 560 3064 Contributio
581 2993 791 3086 quibuslibet
809 2992 986 3066 Nobilium
1012 2992 1158 3065 subditis
1179 2992 1350 3066 stabiliter
1367 2998 1436 3066 im-

242 3099 358 3192 posita
376 3095 534 3166 Dominis
555 3091 781 3168 terrestribus
801 3099 836 3168 in
854 3106 1035 3189 posterum
1054 3094 1236 3165 admittere
1268 3108 1431 3189 nequeat,

242 3197 371 3270 fundos
388 3218 453 3290 per
472 3193 629 3270 Colonos
648 3207 779 3286 tentos,
806 3197 890 3268 licet
909 3198 953 3268 ed
981 3195 1250 3266 haereditarium
1273 3199 1331 3287 jus
1363 3198 1431 3269 do-

242 3299 370 3369 minale
389 3318 498 3390 porro
519 3308 693 3390 spectent,
713 3320 819 3370 causa
839 3299 1076 3386 emolumenti,
1096 3299 1310 3392 majorisque
1331 3321 1431 3370 com·
1529 3343 1530 3346 =

241 3399 334 3472 modi
361 3401 475 3490 gratia
491 3400 668 3491 recipcre,
696 3410 800 3493 atque
826 3403 863 3470 in
892 3419 977 3470 usus
1005 3401 1169 3492 proprios
1196 3409 1430 3488 convertere3

241 3523 287 3574 ne
322 3510 438 3571 tamen
471 3511 662 3593 propterea
688 3501 858 3572 Dominus
895 3521 959 3593 pro
998 3497 1161 3590 subdito,
1208 3498 1429 3574 facultatibus

241 3604 358 3697 lapso,
385 3610 444 3674 uut
463 3602 751 3696 qualitercunque
778 3611 944 3674 restante·
964 3622 1053 3672 onus
1088 3597 1180 3672 istud
1211 3612 1431 3697 supportare,

240 3725 314 3778 uon
332 3707 436 3778 etiam
455 3701 625 3776 inlocum
650 3703 806 3798 profugi,
832 3703 975 3775 laresve
994 3721 1079 3774 suos
1109 3701 1308 3794 deserentis
1328 3704 1429 3775 alium

239 3807 318 3900 ipse
345 3803 512 3877 continuo
539 3804 765 3894 substituere,
794 3804 854 3877 vel
881 3825 970 3876 onus
994 3803 1091 3874 ferre
1116 3801 1298 3896 adigatur,
1326 3814 1363 3874 et
1379 3813 1426 3894 ut,
1525 3795 1526 3809 ¹

240 3927 326 3979 casu
353 3906 503 3999 denique
522 3904 707 3980 divisionis
726 3914 957 3998 emergente,
981 3905 1127 3978 facultas
1154 3904 1301 3976 fundum
1326 3905 1429 3977 colo-

239 4008 401 4096 nicalem,
429 4008 465 4075 in
493 4005 633 4079 defectu
654 4008 797 4079 alterius
816 4007 1053 4096 habitationiS,
1082 4010 1118 4078 io
1146 4009 1312 4082 curialem
1340 4029 1427 4080 oon-

238 4108 415 4196 vertcndi,
443 4106 543 4182 salva
564 4108 732 4204 deinceps
752 4131 891 4205 quoquo
907 4103 1112 4203 permaneat
1141 4107 1188 4199 b).

237 4232 438 4248 ”-

224 4333 228 4340 ‚
267 4273 295 4340 ⁸)
312 4271 391 4330 1818.
408 4275 435 4330 8.

268 4355 298 4424 ⁸)
315 4361 350 4412 Ρ.
364 4361 384 4411 Ι.
402 4363 435 4412 tt
454 4355 496 4412 40.
