3158 4864
386 582 439 653 Et
447 593 543 672 poet
556 585 768 653 restitutam
782 585 987 672 pristinam
1005 579 1222 654 libertatem.

316 700 527 778 Confirmata
559 711 632 774 tum
657 704 726 776 illis
754 712 836 777 sunt
863 708 1004 801 antiqua
1030 703 1244 796 Privilegia,
1272 708 1309 773 et
1337 723 1408 795 pu-

210 805 325 879 blicae
343 809 397 878 rei
416 804 711 879 administrandae
729 807 820 877 ratio
841 806 885 878 ad
899 809 1095 903 pristinam,
1115 814 1280 900 quantum
1297 803 1409 891 licuit,

212 918 361 998 exacta,
398 911 524 1003 partim
553 910 674 997 certis,
712 917 749 979 et
779 906 931 980 delinitis
967 909 1102 1002 regulis
1138 904 1315 1000 descripta
1346 905 1407 994 ·);

212 1034 303 1108 quae
328 1009 503 1104 regulatio
533 1007 627 1098 dein,
650 1008 873 1082 monentibus
898 1011 1015 1104 Regni
1041 1007 1219 1098 Statibus,
1249 1005 1408 1078 nonnihil

215 1113 397 1186 emendata
429 1109 478 1202 b),
496 1133 566 1182 una
586 1132 664 1182 curn
680 1111 881 1206 Diplomate
907 1114 1023 1206 regio,
1048 1105 1407 1202 ordinationibusque

214 1212 484 1315 palatinalibus,
504 1214 573 1285 alio
594 1212 717 1285 etalio
737 1223 898 1309 tempore
917 1213 1041 1303 editis,
1070 1210 1410 1284 fundamentum-cst

212 1315 392 1416 proprium
423 1324 494 1387 tam
521 1313 718 1405 libertatis,
748 1338 816 1410 qua
844 1316 1033 1388 Districtus
1063 1314 1098 1387 hi
1125 1322 1205 1386 actu
1233 1312 1408 1403 fruuntur,

212 1443 315 1517 quam
333 1418 495 1519 publicae
506 1417 847 1508 Administrationis,
874 1415 1018 1490 uberius
1046 1414 1194 1490 articulo
1217 1418 1325 1490 1848.
1345 1418 1408 1490 vi-

211 1527 349 1620 gesimo
369 1524 490 1622 quinto
511 1519 742 1616 designatae,
771 1542 814 1591 ac
834 1518 1072 1593 confirmatae.

734 1668 771 1754 §.
800 1669 886 1743 288.

601 1796 805 1870 Recentier
827 1793 1015 1870 conditio.

315 1941 370 2014 Ex
396 1940 466 2012 hoc
493 1941 574 2011 inde
605 1951 765 2036 tempore
793 1942 975 2036 lazyges,
1004 1952 1040 2014 ct
1067 1939 1211 2015 cumani
1240 1963 1260 2012 a
1288 1940 1409 2013 Juris-
1516 1983 1519 1996 ·

215 2046 370 2118 dictione
398 2039 631 2114 Comitatuum
660 2044 813 2132 exemti,
851 2042 1042 2130 Comitem,
1078 2043 1309 2137 Judeemque
1335 2042 1409 2117 Su-

212 2165 373 2243 prcmum
413 2143 529 2234 Regni
568 2141 762 2214 Palatinum
808 2143 1069 2216 venerabantur
1113 2147 1265 2233 iterum,
1308 2145 1409 2233 cujus

213 2247 426 2322 auctoritate
444 2243 637 2340 Supremos
662 2247 864 2320 Palatinalis
893 2243 1126 2340 capitaneus,
1154 2244 1329 2340 hujusque
1347 2245 1409 2316 vi-

215 2371 283 2422 ces,
308 2346 432 2421 obiens
473 2345 756 2438 (Districtualem
785 2345 1129 2444 Vico-capitaneum
1166 2347 1303 2438 dicunt)
1334 2367 1411 2421 cium

215 2451 339 2524 additis
359 2448 426 2522 sibi
443 2447 702 2524 Assesscribus
723 2461 894 2546 quatuor,
922 2451 1138 2546 adscitisque
1163 2452 1200 2523 in
1219 2448 1411 2523 subsidium

213 2555 304 2627 varii
322 2549 452 2643 gradus
473 2548 701 2644 Ollcinlibus,
721 2576 741 2626 a
760 2551 1048 2646 congregatione
1066 2553 1228 2646 generali
1246 2550 1409 2641 delectis,

213 2655 377 2751 politica,
415 2655 669 2744 oeconomica,
708 2663 744 2725 et
766 2656 918 2753 juridica
949 2657 1095 2748 negotia
1124 2652 1407 2749 procurantibus.

213 2758 404 2829 Praeterea
431 2752 562 2826 habent
589 2775 690 2827 suum
709 2757 839 2850 singuli
869 2756 1057 2828 Districtus
1086 2752 1336 2852 capitaneum,
1375 2763 1412 2828 et

215 2859 443 2951 Magistratus
461 2854 635 2951 reliquos,
663 2860 722 2952 qui
749 2858 812 2932 sub
831 2856 1014 2932 Praesidio
1044 2856 1208 2955 Supremi
1227 2853 1410 2954 capitanei

213 2964 250 3032 in
264 2981 343 3031 rem
362 2961 588 3051 consultant,
617 2971 722 3056 atque
740 2960 1027 3036 iurisdictionem
1046 2971 1115 3035 tam
1134 2960 1288 3052 civilem,
1308 2979 1411 3055 quam

214 3061 428 3136 criminalem
460 3062 503 3153 ⁰).

740 3211 777 3298 §.
797 3212 883 3286 289.
986 3205 990 3212 '

674 3362 943 3438 Immnnitntee.

314 3510 494 3583 Exercent
511 3517 702 3603 praeterea
728 3509 870 3606 diversa
896 3510 981 3582 Jura
999 3513 1158 3604 regalia,
1187 3511 1412 3604 Religionis·

214 3638 282 3710 que
313 3610 516 3685 catholicae
549 3611 688 3683 incolae
723 3619 946 3707 patronatum
980 3633 1131 3708 quoque.
1170 3611 1341 3687 Advenas
1375 3615 1412 3685 in

213 3718 494 3789 communionem
512 3733 576 3784 suc
597 3711 765 3783 arbitratu
782 3716 969 3809 recipiunt.
1007 3712 1155 3786 Adhacc
1174 3713 1410 3787 commembra

213 3818 443 3890 Districtuum
460 3817 600 3885 ratione
632 3816 867 3887 communium
885 3815 1157 3909 Privilegiorum
1175 3825 1280 3906 ante,
1309 3837 1412 3911 quam

214 3939 321 4015 supra
350 3917 533 4010 designata
562 3916 624 3987 lex
652 3915 692 3988 id
719 3916 945 4008 sustulisset,
974 3922 1070 4014 paris
1098 3917 1312 3990 conditionis
1332 3919 1411 3990 sin-

213 4021 319 4114 gula,
346 4022 437 4091 intra
455 4018 584 4090 limites
611 4017 727 4110 Regni
746 4039 766 4089 a
786 4017 928 4091 teloniis
957 4019 1091 4111 libera,
1119 4039 1236 4115 neque
1255 4018 1409 4094 deoiruus

242 4233 270 4368 33
289 4235 430 4362 ming:
448 4236 487 4288 u.
505 4235 622 4290 rnna..
641 4231 720 4290 net.
741 4235 801 4288 run
815 4237 858 4292 aa.
876 4237 951 4303 malr.
1017 4212 1020 4221 “

242 4376 267 4441 ο)
286 4377 348 4429 vn.
367 4379 414 4430 cit.
433 4375 504 4443 ltlpl
522 4381 549 4426 ct
563 4374 660 4440 Regnl.
678 4383 727 4430 art
753 4377 796 4430 ti.
814 4377 880 4434 ord.
898 4377 982 4432 Pelet.
1007 4377 1040 4431 de
1062 4375 1147 4430 Annis
1173 4367 1250 4429 1⁷48.
1278 4373 1356 4432 tras.
1383 4386 1413 4434 et

291 4447 370 4505 stes.
388 4449 457 4503 item
475 4447 575 4500 statut.
601 4451 629 4498 et
646 4447 742 4515 ltegul.
759 4450 856 4518 Jaayg.
875 4455 903 4506 et
922 4449 1034 4508 Gumen.
1051 4450 1086 4506 dc
1104 4461 1174 4503 anuo
1191 4445 1394 4513 dicorettttll.
