3094 4868
1291 247 1362 328 231

160 425 354 502 Provident
376 427 497 518 itaque
525 423 726 496 nominatim
756 444 832 494 rem
859 428 1146 514 oeconomicam,
1194 426 1363 516 ruralem,

160 527 380 616 silvanalem,
409 527 486 597 aliis
508 524 727 613 forestalem,
756 525 943 620 postulem,
973 528 1181 618 salinarem,
1210 529 1359 600 tricesi-

159 632 286 702 malem
303 629 661 716 Administrationes,
695 638 730 699 et
749 625 1000 701 Praefectum
1033 629 1166 702 diversi
1199 633 1359 724 generis,

160 733 282 804 Officia
313 729 496 818 salinaria,
534 751 646 824 eaque
675 728 863 818 fodiualia,
899 733 959 803 vel
986 733 1283 826 transportualra,
1323 738 1360 802 et

159 856 250 929 quac
269 844 455 928 praeterea
473 831 605 925 regalis
624 831 728 920 hujus
755 832 974 904 distractioni
993 834 1188 906 intendunt.
1227 835 1357 904 Trice-

160 935 296 1009 simalia
318 935 457 1007 tandem
477 937 686 1029 superioris,
716 934 1151 1028 inferiorisquerordinis,
1178 957 1244 1030 per
1273 938 1358 1006 uni-

158 1060 302 1111 versum
319 1036 481 1130 Regnum
499 1038 559 1110 vel
584 1039 735 1108 maxime
753 1040 789 1107 in
808 1036 975 1110 limitibus
994 1041 1237 1111 consistentia.
1266 1038 1354 1110 Rem

157 1162 247 1213 vero
266 1139 454 1211 Juridicam
476 1140 520 1211 ad
538 1137 730 1212 Causarum
756 1139 941 1230 Regalium
960 1141 1241 1226 Directoratum,
1268 1139 1357 1211 aub-

158 1242 340 1314 crdinatos
368 1241 525 1314 Fiscales
551 1242 709 1336 Regios,
738 1251 773 1313 et
798 1239 1002 1314 Gamerales
1031 1251 1208 1338 spectare,
1248 1263 1356 1330 asse-

158 1347 217 1440 qui
236 1365 388 1441 pronum
408 1353 473 1416 est.
1339 1379 1341 1383 ·

687 1547 722 1632 §-
753 1549 838 1622 722.

213 1703 378 1775 Ratione
410 1703 597 1773 bonorum
622 1701 750 1774 subest
778 1703 940 1774 Comere
967 1702 1056 1773 Juri
1081 1709 1305 1783 domnioni.¹

254 1848 406 1919 Ratione
434 1848 628 1939 bonorum,
665 1871 755 1943 quae
784 1871 890 1919 curae
922 1857 1027 1943 atque
1057 1849 1350 1924 administrationi

155 1946 329 2022 Gamerali
357 1949 489 2020 eredita
508 1961 610 2039 sunt,
639 1948 730 2022 idem
749 1949 812 2020 Jus
839 1970 1036 2036 commune,
1067 1949 1261 2044 eademque
1282 1953 1352 2024 ob-

106 2125 112 2138 ,
153 2055 266 2124 tinent
296 2073 426 2139 onera,
463 2073 553 2146 quac
583 2061 808 2123 caeterorum
844 2049 938 2122 hona
966 2049 1234 2146 possidentium.
1280 2055 1355 2126 Ea-

151 2164 298 2250 propter
316 2153 440 2224 Fiscus
459 2157 581 2250 regius
611 2155 646 2225 in
675 2149 886 2224 consistam
922 2154 1039 2225 active
1068 2175 1133 2247 per
1162 2176 1216 2242 se,
1252 2178 1355 2249 quam
1403 2223 1405 2228 .

151 2260 296 2353 passive
326 2265 449 2327 contra
473 2279 512 2327 se
531 2255 716 2329 movendis
736 2253 864 2344 forum,
894 2278 936 2326 ao
963 2276 1171 2350 processum
1202 2257 1351 2330 ordina-

150 2361 240 2430 rium
259 2363 359 2453 sequi
375 2367 515 2429 tenetur
546 2362 588 2450 ἒ).
619 2359 884 2453 Dispositiones
916 2361 1163 2446 concernentis
1184 2359 1351 2453 politicae

150 2460 411 2532 ,iurisdictionis
441 2461 484 2531 ad
521 2461 708 2533 cameralia
740 2460 834 2533 bona
860 2463 993 2555 pariter
1022 2461 1260 2533 extenduntur
1290 2462 1349 2554 ι’);

151 2561 329 2634 Officiales
356 2558 560 2634 Cameralcs
583 2562 723 2655 legibus
746 2563 863 2653 Regni
882 2562 1028 2636 subsunt
1059 2564 1104 2654 ⁰),
1142 2563 1185 2633 de
1212 2565 1350 2657 quibus,

155 2673 259 2760 atque
278 2663 333 2738 his
362 2659 533 2738 adfinibus
563 2668 600 2738 in
629 2664 716 2735 Jure
741 2667 883 2760 privato
913 2667 1102 2759 exponitur
1131 2664 1345 2758 diligentius.
1385 2699 1388 2706 ·

664 2869 701 2954 §.
731 2871 817 2942 723.

241 3017 532 3088 Admim'strotz'o
560 3019 746 3088 Montana
774 3024 812 3088 in
839 3020 1041 3107 Hesperio
1067 3025 1253 3110 miseriori.

251 3159 399 3236 Camere
417 3167 452 3235 in
483 3186 523 3235 re
542 3173 729 3253 montana,
768 3173 804 3234 et
832 3166 1026 3236 monetaria
1061 3174 1238 3260 utcunque
1268 3174 1346 3239 ori-

148 3269 265 3358 ginem
287 3264 381 3335 ducit
399 3288 432 3335 -a
454 3265 673 3361 Principibus
701 3268 886 3358 Augustae
912 3264 1066 3354 Domus,
1096 3269 1259 3362 exemplo
1288 3279 1347 3342 ta-

147 3390 227 3439 men
255 3376 417 3440 veterum
445 3366 646 3461 Hungariae
673 3369 832 3462 Regum3
868 3370 940 3458 jam
974 3370 1066 3439 enim
1093 3366 1211 3442 Caroli
1238 3370 1279 3460 l.,
1305 3394 1347 3443 ao

148 3472 369 3565 superiorum
388 3472 493 3540 etiam
523 3470 587 3542 sub
604 3472 751 3565 epochis
770 3470 976 3543 Praefectus
1004 3471 1190 3542 monetalis
1221 3471 1348 3544 Crem-

147 3576 251 3644 nicuii
271 3571 484 3642 domicilium
505 3571 679 3661 habebat,
707 3578 822 3667 iisque
850 3572 1065 3667 praefuerat,
1095 3576 1153 3666 qui
1183 3597 1346 3668 proven-

147 3687 203 3747 tus
219 3676 342 3766 regios
361 3695 382 3744 e
402 3678 553 3746 secturis
573 3676 815 3768 colligebant,
854 3684 889 3746 et
917 3677 954 3746 iu
981 3678 1130 3768 pecunia
1161 3674 1347 3749 conflando

148 3799 290 3872 operam
310 3786 505 3866 naverunt,
534 3776 693 3850 Comes
728 3798 855 3869 nempe
885 3775 1201 3867 Camenarum,
1237 3779 1343 3852 hodie

146 3883 299 3967 nomine,
327 3879 733 3969 a'leutonismutuato,
773 3880 1027 3975 Supremus
1067 3879 1355 3974 Camergraw·

146 3978 353 4076 phius*):
382 3977 581 4076 Collegium
600 3987 728 4073 autem,
757 3987 813 4054 cui
831 3991 987 4078 praeest,
1016 3982 1342 4079 quodqueSchem-

146 4084 249 4154 uicuii
277 4081 424 4174 residet,
452 4108 472 4157 e
499 4085 656 4180 pluribus
679 4090 716 4160 in
740 4108 780 4158 re
807 4095 973 4160 montana
1001 4081 1221 4160 consiliariis
1243 4107 1350 4160 con-1

141 4209 345 4228 Ἥ

174 4245 200 4313 ι)
221 4248 296 4303 1741.
315 4253 359 4304 ea.

174 4331 201 4399 a)
220 4337 296 4388 rma
316 4339 358 4390 es.
375 4336 402 4404 c.
420 4341 444 4396 a.

176 4420 200 4491 ο)
220 4425 298 4480 1715.
315 4420 358 4484 it.
