3142 4862
1330 231 1379 309 ta

177 413 294 492 neque
316 393 588 494 reprobandum,
607 397 798 473 ostendunt
825 397 984 494 pluribus
1002 397 1098 474 laris
1122 397 1301 475 Doctores
1332 399 1380 498 ⁸),

119 541 123 547 ·
178 498 245 571 set
272 501 416 594 ingenio
444 506 539 594 acri,
578 511 614 576 et
637 501 771 594 judicio
796 511 880 574 arte
909 500 1053 577 exculto
1093 525 1184 600 opus
1211 514 1288 594 est,
1331 525 1380 576 ne

152 597 609 798 νΙειὲἰίιπῑίθοὲιιῖἃδιεξῆρτοοπίει
629 594 810 698 judicandi
843 609 934 680 ratio
958 627 1131 682 erroneas
1160 616 1383 703 progeneret

619 829 893 920 ·§.XXXVI.
952 814 954 818 ⁵

245 957 431 1033 Fontibus
460 961 724 1034 Commum'bas
751 964 820 1033 Jus
846 960 1040 1033 Publicum
1070 959 1302 1034 Uat‘veraale.
1334 927 1340 969 ³

281 1106 349 1179 Pro
381 1108 620 1181 communibus
656 1108 751 1180 Juris
789 1111 913 1181 nostriv
931 1107 1063 1202 publici
1106 1106 1262 1181 lontibus
1294 1106 1378 1181 Jus

182 1205 423 1303 publicum
449 1213 746 1300 universale,
767 1210 992 1300 Gentium,
1022 1208 1380 1284 etllanonicum

180 1319 313 1400 statuo,
333 1313 522 1408 exquibus
542 1317 737 1409 principem
759 1312 879 1383 locum
907 1315 1067 1401 scientia,
1095 1334 1198 1407 quam
1228 1311 1286 1382 hic
1314 1333 1380 1381 re-

179 1411 286 1506 liquis
324 1419 531 1510 anteposui,
570 1425 741 1510 occupat,
786 1415 991 1507 quorumvis
1018 1417 1254 1508 positivorum
1277 1410 1385 1502 hujus

182 1517 324 1607 generis
353 1503 727 1590 Jurlum—-concordi
745 1515 839 1587 luris
868 1514 1110 1587 consultorum
1137 1517 1314 1588 sententia
1332 1551 1385 1568 --

181 1615 290 1704 basis,
319 1640 361 1690 ae
384 1618 657 1693 fundamentum.
684 1618 759 1690 Alii
783 1614 931 1690 eandem
957 1617 1122 1692 subsidiis
1142 1616 1383 1713 disciplinari·-

181 1715 246 1790 bus
270 1718 512 1812 adnumerant,
543 1743 616 1794 non
645 1723 722 1794 sine
740 1723 880 1792 ratione
897 1722 1056 1814 utrique:
1085 1718 1174 1792 Nam
1205 1729 1241 1790 et
1258 1722 1384 1816 notio·-
1484 1727 1487 1734 '

181 1839 246 1893 nes
260 1821 445 1914 plurimae,
474 1823 599 1917 quibus
619 1844 744 1893 carere
759 1821 855 1892 nullo
884 1820 989 1893 modo
1007 1841 1213 1916 pessumus,
1235 1819 1277 1893 ab
1299 1819 1384 1892 inde

183 1930 265 1993 sunt
285 1924 481 2014 petendae,
509 1932 544 1993 et
565 1927 792 2015 quaestiones
812 1922 952 2012 legibus
980 1925 1145 2017 positivis
1162 1943 1384 2018 nequaquam

183 2020 391 2108 exhaustae,
419 2042 492 2093 non
521 2021 660 2093 aliunde
688 2024 834 2107 rectius,
868 2042 970 2112 quam
989 2022 1111 2092 eluro
1142 2023 1283 2116 publico
1316 2047 1385 2095 na-

183 2119 288 2191 turali
307 2121 538 2212 illustrantur,
567 2123 662 2219 quod
676 2123 778 2212 juxta
797 2121 1032 2194 Verbdczium
1052 2132 1213 2194 nostrum
1244 2123 1271 2217 ⁰)
1295 2125 1387 2218 apud

185 2243 307 2297 omnes
330 2237 457 2316 gentes
487 2224 682 2319 aequaliter
701 2234 876 2312 servatur,
906 2233 942 2295 et
967 2233 1142 2320 tamquam
1160 2248 1179 2296 a
1199 2225 1279 2298 sole
1302 2226 1383 2297 Deo

187 2325 395 2418 institutum,
425 2327 559 2399 firmum
583 2336 650 2416 est,
678 2337 715 2399 ‘et
742 2325 930 2398 immobile.

566 2583 567 2586 Ὺ
660 2474 700 2560 s.
728 2471 907 2545 xxxvn.

305 2596 308 2602 ’
368 2603 461 2673 Non
486 2605 569 2672 aine
604 2613 897 2690 temperamento
926 2597 1202 2691 applicandum.

288 2724 336 2794 At
350 2743 440 2796 vero
468 2746 571 2818 quam
591 2720 756 2812 imbutae,
785 2731 854 2792 tam
874 2730 996 2795 cautos
1016 2725 1051 2794 in
1076 2722 1284 2818 applicando
1302 2725 1386 2796 uni—

187 2825 321 2899 versali
338 2820 408 2897 hoc
428 2834 622 2920 systemate
643 2825 724 2898 esse
747 2832 901 2919 oportet,
923 2827 981 2917 qui
997 2829 1233 2920 positivorum
1251 2826 1388 2898 Jurium

192 2927 353 3017 studium,
382 2929 662 3021 exercitiumque
680 2927 912 3020 profitentur3
941 2935 979 2997 ut
1000 2930 1093 2997 enim
1112 2929 1328 3018 moderatus,
1351 2936 1388 2999 et

192 3029 346 3122 prudens
373 3030 467 3102 illius
483 3045 571 3102 'usus
591 3031 766 3127 insignem
782 3028 899 3119 adfert
917 3029 1122 3100 utilitatem:
1151 3033 1199 3100 ita
1212 3033 1243 3102 si
1262 3040 1387 3101 contra

188 3130 304 3222 Regni
325 3134 625 3220 constitutionem,
654 3140 689 3201 et
717 3131 1031 3202 administrationis
1050 3133 1224 3200 rationem
1248 3129 1386 3221 legibus

190 3230 387 3321 delinitam,
415 3242 540 3304 cuneta
566 3232 679 3326 rigide
708 3231 752 3304 ad
772 3229 887 3302 ideale
912 3231 1006 3304 istud
1025 3234 1226 3324 exigantur,
1252 3230 1389 3304 durium
1473 3259 1477 3266 ·

189 3335 365 3426 ignoratio
391 3335 546 3426 gignitur
570 3337 702 3426 potius,
731 3355 833 3428 quam
859 3335 1026 3431 scientia,
1055 3344 1091 3405 et
1109 3333 1274 3406 abusibus
1293 3357 1387 3429 pan-

66 3438 71 3445 '
170 3431 291 3505 'detur
320 3445 447 3531 perta,
467 3455 543 3504 cum
563 3435 695 3525 insigni
718 3437 828 3524 ipsius
854 3433 972 3522 studii,
1002 3444 1038 3504 et
1065 3437 1192 3523 majori
1221 3435 1387 3508 fortassis

190 3535 376 3634 aliquando
395 3531 626 3634 Reipublicae
647 3532 869 3605 detrimento.

640 3683 696 3770 '§.
722 3677 919 3756 XXXVIII.
1021 3687 1023 3693 ‘

701 3809 878 3880 Gonnum.

294 3954 544 4030 JusGenttum
570 3964 639 4026 tam
678 3952 857 4042 naturale,
895 3973 997 4047 quam
1022 3951 1213 4046 positivum
1238 3991 1290 4006 -
1316 3974 1387 4048 que

192 4058 335 4131 nomine
359 4057 519 4152 intelligo
548 4057 808 4131 conventiones
838 4055 1057 4158 singulares,
1093 4055 1186 4126 inter
1214 4051 1388 4129 Nationes
1519 4151 1522 4156 Ι

223 4226 250 4288 ⁸)
268 4232 343 4294 eros
361 4228 415 4278 vid.
433 4227 462 4278 ln
479 4227 586 4279 Patrem
604 4229 729 4280 bitterat.
746 4227 809 4282 Jur,

222 4297 251 4432 ¹3
269 4292 685 4422 ssffssf'qffllq‘dnffulb‘aeew‘
695 4292 752 4352 tta
769 4289 852 4348 &teat
873 4293 923 4350 oo
940 4290 1029 4361 lton.
1046 4306 1072 4359 p.
1090 4294 1132 4348 tn
1149 4295 1178 4344 et
1195 4303 1254 4358 aeq.
1375 4376 1378 4387 ὃ

392 4424 397 4432 1
578 4451 581 4460 Δ
653 4427 656 4434 ,
1118 4423 1193 4505 μ
1257 4475 1259 4480 Ι
