3158 4864
1276 203 1347 280 189

236 373 275 434 ud
297 389 406 434 monus
430 377 570 433 mortuas
587 368 704 451 potiori
727 369 759 436 in
778 376 866 451 perte
887 367 1048 433 Nobilium
1064 368 1167 445 bonis,
1189 365 1348 448 liberaque

235 457 580 537 disponandilacultate
598 455 795 518 irrestrictim
811 456 912 532 salva,
933 457 1045 518 modus
1062 455 1163 516 omnis
1182 459 1348 516 evanescat
1449 486 1451 490 ·

235 542 416 624 Hungariae
438 543 576 624 Regibus
600 541 805 604 benemeritos
835 541 1043 622 praemiandi3
1076 539 1191 602 idcirco
1214 539 1248 600 in
1270 537 1349 602 banc
1449 592 1451 596 .

235 629 462 690 restrictionem
493 627 664 691 communis
695 627 839 690 utilitatis
873 645 968 689 causa
1001 624 1093 687 facile
1122 625 1348 687 consenserint.

239 713 396 793 Quidquid
419 713 478 789 sit,
502 715 619 775 diserta
641 714 673 773 in
697 733 761 774 rem
786 713 973 794 dispositio,
1004 709 1102 792 Regni
1135 710 1266 771 Decreta
1290 730 1348 772 ex-

239 819 361 880 pressa,
384 797 473 878 plene
497 795 705 862 Verbdczium
737 800 774 868 ab
797 819 834 860 eo
857 797 995 860 absolvit
1017 815 1140 871 errore,
1172 795 1263 875 quasi
1284 813 1349 857 rem

238 887 356 948 dudum
380 885 505 947 vetitam
527 888 566 946 ad
589 892 730 964 tempore
751 885 907 948 Ludovici
928 900 1092 964 perperam
1114 881 1284 946 retulisset.

673 1021 709 1108 ς.
742 1022 824 1094 186.

623 1147 669 1220 -Ε
692 1149 861 1237 Defectu.

255 1270 437 1357 Quomodo
458 1290 545 1363 crgo
557 1267 891 1359 -obsecro-jns
909 1270 1003 1341 istud
1021 1267 1153 1344 Sacrae
1172 1265 1348 1357 Coronae,

155 1382 238 1470 post
255 1375 322 1444 tria
352 1373 472 1445 secula
501 1381 686 1459 exortum,
713 1391 849 1464 usuque
879 1362 1055 1464 subsequa
1074 1370 1281 1442 ratificatum
1298 1407 1350 1420 —-

155 1475 327 1549 adversus
364 1475 577 1546 clarissimas
607 1473 709 1565 leges
737 1509 789 1525 -
814 1493 879 1566 pro
908 1472 1050 1559 laudis,
1079 1472 1123 1542 ad
1149 1471 1348 1542 nobilitaria

153 1578 246 1649 bona
265 1575 501 1671 applicandis,
522 1573 745 1669 aliquomodo
766 1572 977 1646 deserviet?
996 1573 1099 1658 Quod
1117 1575 1209 1644 enim
1228 1592 1349 1642 amor-

155 1681 337 1752 tisatoriae
356 1677 574 1773 provisionis
594 1678 714 1772 specie
733 1677 889 1769 priorum
913 1674 1050 1766 Regum
1067 1676 1226 1746 nonnulli
1243 1711 1295 1726 --
1312 1682 1350 1743 ut

157 1803 178 1852 e
205 1779 355 1874 quodam
373 1779 526 1850 Ladislai
543 1778 604 1850 lv.
630 1777 823 1870 Privilegio
842 1797 914 1850 non
934 1775 1084 1848 obscura
1104 1777 1282 1870 colligitur
1298 1813 1351 1826 -·

156 1903 285 1954 cavare
314 1880 488 1952 interdum
518 1882 715 1974 coeperint,
735 1901 780 1950 na
806 1877 899 1950 bona
928 1878 1140 1950 secularium
1174 1877 1349 1950 Nobilium

154 1983 355 2077 promiscue
374 1985 523 2074 parenni
551 1981 652 2053 titulo
674 1980 718 2052 ad
738 1979 918 2052 Ecclesias
945 1977 1204 2068 devolvantur,
1232 2000 1349 2071 gane-

81 2155 83 2158 .
155 2083 290 2172 nalem,
320 2103 421 2177 quam
445 2082 506 2154 lex
533 2091 660 2177 postea
687 2081 919 2177 praescrihit,
946 2097 1103 2154 normam
1130 2081 1221 2152 haud
1238 2101 1350 2174 prae-

157 2186 319 2258 stituerat
349 2184 404 2273 ⁸),
432 2194 468 2255 et
488 2187 518 2256 si
535 2185 821 2280 praestituisset,
849 2183 1002 2256 validum
1028 2181 1111 2256 inde
1139 2205 1205 2278 pro
1234 2180 1350 2254 laudis

158 2293 399 2383 argumentum
417 2307 463 2360 ne
482 2289 546 2360 vix
564 2285 703 2382 quidem
721 2295 938 2382 suppeteret.

677 2436 713 2521 §.
746 2438 828 2508 187.

594 2562 669 2632 Aut
697 2562 910 2632 eCre'me'ue.

259 2683 312 2754 Dc
337 2681 514 2756 Bonorum
539 2681 766 2757 devolutione
803 2706 849 2755 ex
874 2686 1040 2773 crimine,
1078 2685 1171 2780 quod
1199 2681 1349 2756 feudalis

158 2784 253 2857 luris
264 2785 482 2881 interpretes
501 2786 735 2858 telonium
752 2797 896 2875 vocant,
916 2808 988 2857 ncn
1005 2785 1118 2858 habeo
1139 2807 1227 2882 opus
1246 2785 1351 2858 multa

161 2886 290 2959 dicere.
320 2886 358 2960 Si
388 2891 479 2959 enim
504 2889 586 2960 inde
611 2898 769 2961 naturam
801 2887 898 2959 feudi
930 2887 1082 2978 decidiS,
1109 2891 1146 2959 in
1172 2887 1351 2981 Hungaria

158 2988 320 3083 prolecto
351 2994 498 3083 quaevis
527 2990 687 3081 mobilis,
719 2989 781 3063 vel
809 2989 995 3062 immobilis
1032 2989 1180 3062 facultas
1210 2989 1352 3061 feudum

159 3089 273 3180 foret,
301 3113 403 3182 quam
421 3091 568 3182 nobilis,
594 3103 630 3164 et
647 3091 812 3186 ignobilis
833 3091 924 3188 apud
941 3112 1007 3164 nos
1026 3095 1228 3164 universam
1248 3095 1353 3162 amit-

160 3195 223 3280 tit,
252 3195 310 3283 qui
326 3189 538 3284 homagium,
558 3215 626 3265 ceu
644 3194 870 3281 fidelitatem,
893 3194 1046 3288 Principi
1075 3192 1238 3282 debitam,
1265 3194 1352 3264 vio-

158 3291 233 3362 lare
256 3303 391 3363 temere
420 3294 533 3363 audet.
562 3295 730 3390 Alioquin
748 3318 900 3390 poenam
918 3294 1066 3367 similem
1095 3305 1130 3366 et
1150 3294 1212 3367 sub
1231 3289 1352 3390 impa-

158 3393 334 3466 ratoribus
354 3391 445 3487 apud
472 3391 676 3485 Romanos,
706 3396 863 3489 aliasque
884 3396 1015 3469 Gentes
1045 3436 1097 3448 —
1122 3397 1237 3469 feudis
1256 3420 1351 3470 nun·

162 3491 240 3566 dum
257 3495 458 3589 vigentibus
476 3533 528 3548 -··
543 3498 782 3584 usuvenisse,
811 3506 865 3566 sat
884 3515 1060 3590 superque
1079 3507 1229 3570 constat.

681 3643 718 3729 §.
750 3646 832 3715 188.

461 3763 646 3836 Nostram
669 3765 901 3836 Sententiam
920 3767 1057 3836 comsit.

264 3883 398 3958 Videor
416 3885 621 3980 quibusdam
639 3896 761 3959 contra
781 3909 883 3981 quam
900 3886 1078 3983 pollicitus
1098 3907 1216 3980 eram,
1244 3908 1355 3985 prae-

163 3988 283 4057 sertim
308 4009 377 4075 eo,
405 4009 474 4080 quo
503 4007 563 4059 res
589 3997 734 4062 nostrae
753 3990 835 4062 loco
866 3991 902 4060 in
926 3993 1206 4085 praesentiarum
1233 3991 1368 4069 subsi-'

164 4095 278 4176 stunt,
305 4091 446 4160 nimium
471 4087 626 4182 inhujus
654 4093 757 4163 unius
776 4091 938 4164 thematis
963 4092 1184 4168 discussione
1202 4097 1354 4184 versari,

164 4186 228 4258 sed
257 4199 559 4286 quantumcunque
600 4190 644 4263 ad
673 4193 883 4287 explendum
928 4198 1140 4288 promissum
1171 4196 1355 4270 brevitatis

162 4309 373 4324 m

192 4354 217 4422 ¹)
237 4355 314 4413 conl.
333 4359 473 4414 Vlndlclas
492 4361 526 4414 da
544 4361 652 4416 dommo
670 4363 757 4417 Nobil.
774 4361 941 4431 ilungarlae.
