3144 4860
1324 237 1371 311 a1

181 399 370 468 universos
389 394 467 467 iere
496 397 725 474 occitantatis
749 401 913 499 Europae
940 403 1086 495 Reges,
1114 399 1223 473 Sacra
1242 398 1377 474 Gotho-

180 499 247 568 lioa
267 506 433 584 secutos,
461 497 640 592 pedentim
664 505 833 593 invaluit,
870 504 960 577 libro
991 507 1096 575 etiam
1124 501 1376 576 Pontilicalium

181 604 272 670 inter
303 599 458 692 reliquas
500 597 786 678 consecrationis
827 610 968 702 speeies
998 604 1054 694 ¹),
1100 613 1273 696 tamquam
1310 626 1375 698 pro

181 721 303 776 norma
332 723 352 774 a
388 706 530 774 summis
558 705 785 780 Pontificibus
818 709 1081 803 praescriptae,
1110 705 1151 778 ab
1180 705 1375 800 iisdemque

181 802 414 888 observatus3
451 825 529 875 cum
562 809 631 900 ipsi
669 810 752 880 olim
779 800 1016 904 Imperatores
1044 817 1241 899 ungerent,
1270 817 1375 901 atque

181 903 376 976 diademate
396 917 573 977 ornarent.
592 910 829 1004 -Reliquas
859 911 960 984 nohis
979 911 1141 1004 proprias
1160 905 1375 981 Coronatio-

181 1012 236 1079 nis
267 1006 499 1078 solennitates
545 1009 640 1102 quod
667 1017 816 1101 attinet,
853 1035 914 1085 eas
943 1019 1108 1105 quantum
1135 1010 1275 1104 quidem
1293 1031 1374 1083 me-

180 1111 285 1196 mini,
313 1107 511 1203 Dlugossus
541 1109 575 1200 b)
612 1134 690 1186 cum
718 1107 917 1187 Galimiaeho
950 1115 981 1202 ⁶)
1019 1110 1221 1206 Scriptores
1262 1134 1376 1185 coae-

179 1213 276 1284 tanei
292 1213 394 1307 primi
413 1209 457 1282 ud
474 1229 534 1282 res
554 1223 675 1304 gestas
694 1215 865 1289 Vladislai
890 1216 917 1288 1.
939 1224 994 1288 sat
1018 1217 1198 1286 succincte
1234 1213 1376 1286 (leseri-

180 1320 327 1410 pserunt
337 1310 405 1402 *),
442 1312 614 1407 prolixius
652 1316 822 1389 Vladislai
858 1318 902 1388 ll.
940 1313 1164 1407 lnauguralia
1193 1314 1375 1387 Bonlinius

180 1417 361 1510 peroravit
391 1410 438 1503 ³),
460 1415 611 1486 utillum
629 1416 809 1507 disertum,
836 1421 918 1512 quin
935 1437 1111 1514 persaepe
1129 1414 1208 1504 iope
1227 1414 1376 1486 tantatos

183 1520 343 1589 evasisse
362 1520 577 1589 noverimus.
607 1519 763 1604 Quacum
781 1524 812 1592 si
829 1521 1072 1607 recentiores,
1098 1515 1180 1587 inde
1212 1538 1231 1585 a
1248 1514 1377 1586 Fordi-

183 1619 299 1690 nando
319 1617 344 1688 l.
365 1617 408 1688 ad
426 1629 583 1690 nostram
600 1631 752 1694 aetatem
771 1621 972 1694 auctoribus
991 1615 1203 1716 synchronis
1223 1617 1377 1709 diligen-

182 1725 315 1792 tissime
345 1720 541 1815 descriptas
571 1723 627 1813 ⁶),
655 1727 808 1797 invicem
835 1723 1025 1811 conferas,
1051 1725 1116 1794 vix
1141 1719 1247 1791 ullam
1263 1740 1376 1813 repe-

181 1827 252 1894 ries
271 1821 522 1910 differentiam,
550 1836 693 1918 praeter
710 1845 845 1900 morem
869 1825 986 1914 forte,
1015 1846 1093 1894 cum
1118 1822 1280 1915 regulata
1298 1821 1377 1892 Re-

181 1927 362 2016 gnantium
381 1923 618 1995 Successione
638 1929 869 1999 erationibus
889 1925 1041 2020 patulis,
1070 1923 1298 2018 probatisque
1319 1922 1376 1994 tli-

113 2063 116 2068 ·
182 2031 349 2111 missum,
368 2025 501 2094 virtute
520 2027 619 2113 cujus
639 2023 767 2097 (lomes
786 2026 963 2099 Palatinus
982 2047 1066 2094 mox
1084 2034 1164 2094 ante
1183 2023 1376 2094 Diadema-

183 2129 228 2196 tis
247 2123 510 2218 impositionem
529 2127 621 2197 elata
639 2147 732 2198 voce
752 2130 1020 2198 circumstantes
1037 2123 1158 2216 lingua
1184 2124 1377 2194 vernacula

183 2235 239 2299 ter
256 2229 480 2318 interrogare
499 2227 659 2300 solebat:
680 2237 793 2300 utrum
819 2225 1129 2300 neocoronandum
1153 2223 1289 2317 Regem
1308 2244 1376 2294 co-

182 2331 303 2400 ronari
319 2327 460 2401 uelint?
487 2325 678 2402 Coronatio
709 2342 823 2402 autem
854 2331 898 2402 ad
927 2329 1043 2402 datum
1069 2325 1214 2400 totidem
1242 2323 1379 2399 vicibus

184 2431 426 2503 affirmativum
444 2451 655 2526 responsum
674 2432 863 2506 subsecuta
882 2431 948 2504 fuit
981 2430 1023 2522 Ἴ.

224 2556 263 2638 a)
285 2555 364 2616 Nam
389 2571 465 2632 quac
481 2573 497 2614 e
513 2554 689 2618 Mellieensi
712 2555 744 2617 in
767 2556 964 2636 epistolarem
989 2555 1134 2619 codicem
1157 2551 1259 2616 Peczii
1273 2550 1307 2632 t)
1321 2553 1380 2628 „de

186 2669 188 2672 ·
268 2641 333 2701 ritu
356 2639 573 2718 benedicendi,
604 2648 633 2702 et
656 2643 827 2704 coronandi
849 2643 950 2723 lieges
971 2639 1175 2724 Hungeriae“
1198 2637 1381 2699 cuniberti

271 2725 512 2791 Coronationern
536 2725 664 2788 luerunt
684 2735 876 2803 transumte,
899 2727 1032 2806 simplex
1058 2726 1273 2809 liturgicarum
1303 2743 1381 2803 pre-

269 2830 357 2886 cum,
385 2818 415 2873 et
437 2812 681 2875 ceremoniarum
704 2834 721 2874 e
744 2813 825 2876 libro
856 2815 988 2893 quodam
1018 2811 1188 2893 pontificali
1212 2809 1380 2889 descriptio

267 2905 328 2972 est,
349 2897 507 2971 iudicans,
539 2918 601 2960 non
624 2901 697 2978 quid
727 2908 828 2960 actum
852 2899 917 2961 siti
950 2933 984 2946 -
1011 2900 1059 2960 uti
1081 2900 1174 2961 stilus
1197 2898 1237 2957 ad
1255 2896 1380 2957 nautum

267 2983 422 3057 ostendit,
456 2990 506 3044 ast
539 2985 612 3063 quial
646 2986 876 3048 observandum
909 2984 1037 3048 ueniat?
1069 2984 1248 3046 Fallelretur
1276 2981 1381 3060 itaque

266 3069 453 3132 Schvertner
467 3068 502 3150 ¹¹)
525 3087 594 3132 cunr
616 3070 738 3134 otberti
761 3071 1006 3134 coronationem
1028 3071 1113 3134 omni
1130 3069 1179 3134 sui
1203 3073 1290 3146 parte
1308 3066 1381 3128 lau-

266 3156 339 3218 date
360 3154 395 3216 in
417 3171 511 3236 opere
533 3155 690 3218 recenseri
713 3157 851 3238 putabat.

702 3315 740 3400 δ.
778 3318 860 3388 108.

646 3439 906 3511 Continentur.

285 3525 442 3634 Peractis
468 3558 612 3649 Sacris,
640 3561 722 3632 Rex
738 3559 849 3632 Pallio
869 3559 1071 3655 Stephanae
1101 3557 1276 3645 vestitus,
1305 3554 1381 3628 Co-

182 3682 307 3733 ronam
336 3667 472 3759 capite,
501 3655 636 3735 dextra
652 3661 838 3756 Sceptrum
865 3670 1035 3758 gestanS,
1063 3661 1206 3734 sinistra
1223 3659 1379 3749 Pomum,

186 3784 383 3805 -t—-u—-v

214 3831 240 3938 Ξ)
258 3835 358 3885 instar.
375 3848 479 3900 exemp.
494 3833 590 3900 ineptcl
605 3839 661 3898 pot.
675 3834 737 3885 Lllr.
755 3831 880 3884 Pontifie.
898 3833 1026 3897 notuerp.
1043 3833 1105 3883 edit.
1122 3834 1200 3884 Anno
1217 3833 1295 3886 1627.

216 3899 244 4026 ”i
260 3899 740 4028 ξίοεῗὶέἷιοιῧῖεέἷιῦἲ1111111112111111.
756 3971 913 4026 Schwaudt.
930 3973 961 4026 Τ.
982 3976 1005 4029 1.
1019 3990 1046 4042 p.
1061 3971 1120 4030 toa
1135 3980 1164 4028 et
1177 3989 1233 4040 seq.

215 4038 242 4094 ὃ)
261 4044 333 4094 illst,
351 4045 416 4095 Dec.
434 4045 481 4097 lV.
500 4047 530 4098 li.
549 4043 583 4096 X.
604 4060 628 4109 p.
648 4044 707 4096 131.
726 4057 804 4096 meae
821 4044 883 4096 edit.

216 4113 241 4163 ⁰)
261 4114 291 4164 ln
312 4115 470 4180 Op.,cul'1',
488 4115 597 4166 Soienn.
617 4116 709 4179 inaug.
729 4114 792 4164 edit.
813 4114 892 4164 Anno
913 4113 990 4166 1790.

224 4179 246 4243 t)
266 4185 345 4268 ‚⁰9⁰s·
364 4185 486 4268 illsqrrts.
504 4186 576 4238 uter.
596 4185 629 4234 (te
651 4186 732 4236 modo
751 4199 827 4234 cons.
847 4185 912 4250 imp.
938 4184 965 4234 in
983 4183 1073 4250 flung.
1093 4199 1152 4250 pag.
1170 4182 1230 4238 162.
1249 4187 1286 4236 et·
1306 4183 1386 4236 Auct-

218 4319 246 4382 ε)
265 4257 332 4378 1111111111
348 4259 425 4391 iiipl.
445 4325 516 4376 ntur.
534 4325 627 4392 Epiec.
645 4325 675 4374 P.
696 4325 744 4374 lll.
765 4330 793 4375 et
811 4323 870 4378 Vll.
890 4339 914 4390 p.
934 4326 995 4378 228.

193 4419 196 4424 -
218 4389 246 4457 ¹¹)
265 4387 377 4460 &tetulit
396 4401 444 4449 too
460 4391 570 4460 ttopoto.
587 4395 617 4450 1.
636 4395 670 4449 tt.
689 4407 715 4459 p,
733 4389 775 4449 ts.
793 4395 823 4451 tn
838 4401 893 4449 not.
