3122 4852
183 225 258 302 1οΞ

179 397 236 472 lix
260 393 332 472 lroc
355 399 435 498 ipso
472 405 619 470 auctore
648 391 845 488 colligitur,
889 413 981 466 aevo
1010 413 1100 484 suo,
1125 393 1228 466 initio
1253 395 1382 490 quippe

182 501 295 576 seculi
314 500 525 589 duodecimi,
545 496 793 571 scholasticam
815 495 975 569 sobolem
993 499 1030 568 iu
1048 494 1218 593 Capitulis
1237 500 1381 593 passim,

182 627 226 676 ac
243 601 435 678 Goeuobiis
457 603 630 698 apiisimo
648 599 771 694 Rege,
798 600 892 670 bunc
920 602 1024 672 etiam
1048 602 1086 671 iu
1111 619 1257 698 scopum
1288 597 1383 672 libe-

182 707 293 782 ralius
321 706 463 796 dotatis,
489 708 625 776 institui
646 705 883 778 conaverisse
901 697 955 794 *).

224 853 263 938 l)
286 850 449 954 Floruissa
472 855 554 956 apud
585 851 839 956 desuprimiguse
869 848 1048 930 capitutum
1077 849 1211 913 similem
1232 850 1382 954 ‘sobolem

269 936 1389 1108 ttttttttllttltt'„titttttttllttttl“tttttt

273 1129 334 1192 qua
355 1109 479 1175 acbolaa
501 1112 590 1190 buia,
611 1108 735 1194 ipsique
757 1107 915 1172 Ecclesiae
938 1107 978 1170 ob
1000 1111 1112 1173 damna
1134 1129 1285 1191 perpessa
1307 1129 1384 1192 par-

273 1205 334 1263 tam
356 1197 467 1264 tributi
490 1197 602 1262 del'olr
625 1215 707 1260 auno
732 1195 826 1260 1276.
849 1193 993 1259 conferre
1015 1213 1078 1260 uon
1101 1196 1265 1263 dubitavit.

714 1389 751 1477 §.
779 1390 864 1464 491.

339 1541 439 1612 Dein
455 1522 671 1613 Ludoaicua
697 1542 738 1624 I.,
756 1541 1029 1632 Szyzbmundoa,
1057 1541 1230 1614 Mattius.

291 1681 466 1758 Fundavit
493 1707 617 1780 porro,
644 1695 750 1780 atque
778 1689 894 1758 erexit
921 1687 1169 1778 Academiam,
1200 1689 1278 1760 sive
1307 1698 1390 1760 stu-

190 1789 283 1862 dium
301 1785 472 1879 generale
492 1807 584 1859 anuo
607 1787 713 1860 1382.
736 1785 938 1862 Ludovicus
956 1788 983 1860 Ι.
997 1788 1068 1860 boc
1085 1810 1227 1882 quoquc
1246 1791 1390 1861 nomine

189 1889 338 1981 Magnus
363 1884 422 1982 l),
458 1889 558 1978 cujus
593 1890 746 1982 vestigia
789 1911 902 1982 gener
940 1888 1184 1984 sigismundus
1221 1893 1390 1978 imitatus,

189 1991 292 2065 brevi
312 2001 396 2086 post
414 1989 559 2062 alteram
571 1988 691 2093 Budae
719 1994 756 2062 iu
784 1993 861 2085 ipsa
889 1991 1007 2085 Regni
1035 1990 1224 2085 Metropoli
1249 1993 1389 2063 cousti-

190 2095 256 2166 tuit
284 2089 332 2184 b).
370 2093 481 2166 Auxit
506 2113 688 2165 numerum
716 2091 866 2166 Mallias
893 2091 1085 2182 Corvinus,
1113 2092 1271 2166 liberalis
1298 2114 1389 2186 pro-

190 2195 286 2270 fecto
315 2197 369 2268 sui
405 2198 576 2289 temporis
604 2194 815 2268 Litterarum
841 2193 979 2284 fautor,
1016 2205 1121 2290 atque
1148 2195 1241 2268 idem
1270 2194 1392 2270 Studia

190 2297 373 2393 generalia
391 2306 461 2370 tam
483 2296 642 2386 Posonii,
669 2318 759 2391 quae
779 2296 1062 2392 Istropolitanam
1078 2298 1306 2370 Academiam
1324 2296 1390 2368 ad-

191 2397 327 2498 pellare
344 2398 650 2494 placuit-quam
667 2395 787 2471 Budae
814 2399 1006 2474 collocavit
1021 2396 1093 2490 aa).
1134 2400 1206 2474 Sed
1224 2403 1393 2474 universa

192 2503 281 2576 haec
310 2501 507 2574 litterarum
532 2500 689 2596 emporia
724 2522 789 2595 per
832 2499 943 2574 ierale
968 2501 1013 2574 ad
1039 2501 1185 2576 Mobdcs
1217 2502 1393 2574 excidium

193 2601 347 2678 tumulos
366 2623 454 2678 suos
480 2609 704 2700 repererunt.

236 2751 271 2829 *)
292 2748 460 2812 indubium
475 2747 561 2810 istud
577 2749 712 2811 reddunt
727 2767 790 2811 nou
808 2751 899 2811 mado
915 2749 1015 2811 Breve
1028 2749 1190 2812 Pontificio
1205 2748 1323 2813 Urbani
1337 2749 1391 2813 Vl.

278 2833 554 2983 ⁰⁰⁰fi¹b¹¹⁰t3ff⁰m'
577 2836 658 2936 guod
682 2835 902 2983 celeberrimus
921 2834 1028 2938 Palma
1043 2836 1216 2984 etbullario
1232 2837 1393 2984 Romatpc-

280 2940 349 2983 rum
397 2939 461 2982 our
484 2938 553 2983 cum
576 2939 608 2983 m
632 2941 650 2981 o
676 2939 827 2983 uacuum
869 2939 1007 2984 ransscrr
1033 2941 1060 2983 ει
1091 2935 1103 2962 ⁰
1171 2940 1278 2984 verum
1301 2941 1393 2984 eram

280 3006 396 3070 alterae
429 3002 569 3132 ejusdam
600 2941 761 3068 Porltilicis
792 3006 948 3084 Litterae,
988 2943 1043 3087 pbr
1073 2922 1204 3070 Pa)ulum
1233 3007 1394 3089 Valaszlry

280 3091 425 3174 vulgatae
455 3091 492 3174 )‚
521 3089 612 3174 eujus
643 3092 749 3169 verba,
780 3111 857 3171 quae
879 3093 939 3158 buc
967 3093 1104 3170 iaciunt,
1136 3112 1268 3173 excerpo
1292 3093 1393 3170 „ilum

282 3179 408 3260 „itaque
438 3197 538 3258 nuper
560 3179 611 3242 Tu
636 3175 767 3258 (scribit
787 3178 874 3258 Papa
904 3179 1065 3242 Ludovico
1087 3178 1185 3261 Regi)
1208 3181 1248 3240 ad
1270 3179 1393 3242 utilita-

281 3274 363 3343 „tem
393 3261 594 3347 hujusmodi,
635 3281 690 3325 nec
722 3284 783 3325 non
817 3264 1055 3343 prosperitatem
1089 3265 1264 3326 lneolarum
1294 3263 1392 3339 Regni

281 3350 367 3428 „Tui
388 3349 587 3431 Huagariae,
615 3357 645 3412 et
668 3349 800 3412 aliarum
829 3350 971 3415 Partium
1002 3351 1174 3414 vicinarum
1196 3350 1395 3413 laudabiliter

282 3436 486 3514 „intenderra,
508 3433 672 3500 Civitatem
695 3434 836 3514 Quinque
858 3434 1103 3513 Ecclesiensem,
1131 3445 1286 3518 tanlquam
1309 3437 1393 3498 insi-

281 3521 445 3604 „gniorem
469 3518 541 3582 aliis
566 3513 755 3584 Civitatibus
779 3521 853 3582 dieti
875 3521 986 3602 Regni,
1008 3530 1038 3584 et
1066 3521 1163 3602 magis
1188 3524 1395 3596 accomodam,

197 3662 203 3672 .
282 3617 335 3689 „et
356 3607 511 3682 idoneam,
534 3613 569 3668 ut
591 3612 621 3668 et
644 3606 675 3667 io
698 3625 734 3668 ea
756 3605 860 3686 vigeat
883 3607 1025 3670 Studium
1049 3606 1190 3690 generale
1211 3607 1242 3669 in
1259 3607 1395 3688 qualibet

284 3693 389 3770 „licite
411 3691 557 3755 facultate
581 3693 770 3765 ordinanda,
794 3710 830 3753 ac
853 3694 1017 3768 omnibus,
1039 3701 1070 3754 et
1092 3692 1228 3774 singulis
1252 3693 1394 3756 doctori-

283 3779 382 3856 ,‚bus,
404 3777 589 3859 Magistrls,
618 3786 649 3840 et
670 3778 891 3858 Sebolaribus,
921 3797 1089 3861 eorumque
1111 3778 1333 3853 Familiaribus
1355 3779 1393 3840 ad

204 3937 400 3958 ι-ῤ

227 4007 254 4074 ¹)
272 4009 442 4061 monument.
460 4003 513 4056 boc
533 4017 567 4055 ex
588 4005 705 4071 tutbcg.
722 4005 797 4070 vulg.
820 4005 928 4056 liutans
945 4005 1017 4056 litat
1033 4006 1092 4057 crit
1112 4005 1143 4059 Τ.
1158 4007 1231 4061 vill.
1259 4007 1288 4059 ln
1305 4007 1394 4060 Praei.

279 4083 307 4132 et
322 4093 357 4130 ex
372 4078 429 4130 lata
445 4077 548 4140 Goon.
563 4072 647 4140 llajdr
664 4077 730 4128 (lod.
746 4077 808 4140 Dlp.
820 4078 851 4128 r.
868 4075 902 4129 V.
918 4077 971 4128 vol
991 4078 1026 4128 ll.

228 4167 257 4232 b)
276 4167 369 4218 Bellus
386 4169 440 4214 not.
457 4164 545 4226 flung.
570 4176 633 4215 nov,
651 4165 682 4214 Τ.
698 4165 743 4214 lll.
762 4178 786 4227 p.
808 4165 868 4216 201.
888 4163 914 4214 la
936 4163 1009 4213 lllst.
1027 4161 1089 4214 vat.
1105 4163 1300 4216 Eudousia-
1323 4165 1395 4228 Ρη]

268 4236 364 4289 Annal.
380 4238 446 4299 lleg.
462 4233 552 4298 Hung.
568 4232 598 4285 P.
618 4233 651 4285 ΙΙ.
670 4248 694 4297 p.
713 4235 772 4286 186.
792 4239 843 4284 etc.

230 4323 256 4386 ⁴)
278 4321 339 4375 ilat.
357 4336 409 4374 rer.
427 4321 518 4386 lluug.
538 4319 601 4372 edit
620 4319 645 4373 8.
664 4321 696 4371 u.
715 4321 739 4372 1.
757 4335 781 4388 p.
802 4320 861 4374 teo.
879 4323 907 4370 at
924 4330 981 4382 aeq.

230 4410 255 4472 d)
275 4410 304 4462 ln
319 4422 414 4476 consp.
426 4407 503 4476 ttelp.
521 4405 604 4462 litter.
616 4406 644 4460 la
661 4407 753 4474 flung.
769 4403 831 4462 edit
842 4405 870 4458 Β.
886 4417 912 4472 p.
931 4403 973 4458 68.
991 4405 1091 4470 etseq.
