3094 4868
225 229 296 320 111
402 341 405 346 ,

222 436 283 488 res
312 416 573 511 praestationes
600 415 692 489 varii
723 415 891 508 generis,
926 433 1016 508 qnae
1044 409 1130 483 licet
1156 411 1353 485 immediate
1386 414 1428 485 in

225 519 399 588 aerarium
415 519 552 609 regium
569 515 661 588 haud
678 514 846 604 influant,
864 518 900 587 in
927 516 1179 611 parsimoniam
1195 512 1426 588 nibilominus

225 621 469 711 erogationum
494 617 712 713 publicarum
739 617 948 713 permultum
979 615 1178 687 conferunt.
1206 615 1264 687 Ad
1288 615 1426 688 hancce

226 721 377 793 classem
394 723 619 813 respectivae
639 716 1016 793 dotationes'veniunt
1032 717 1217 810 religionis
1235 715 1425 806 Ministris,

225 831 329 912 atquo
358 818 518 913 publicae
546 819 762 892 institutioni
791 840 936 908 sacrae,
980 822 1098 915 prouti
1127 829 1163 890 et
1190 816 1426 891 Comitatuum

224 920 356 992 Cassae
376 919 590 994 domesticae
603 922 927 1012 administrationis,
942 919 1248 992 accommodarum
1258 919 1429 1014 publico-

224 1043 299 1091 rum
328 1043 433 1092 causa
463 1033 625 1112 erectae3
652 1024 758 1119 inque
791 1022 883 1093 huno
907 1021 1011 1094 linem
1032 1023 1133 1093 annis
1163 1021 1311 1114 singulis
1331 1043 1428 1096 oon-

227 1124 322 1194 stitui
342 1122 491 1216 solitae,
520 1124 563 1197 de
584 1123 707 1221 quibus
728 1125 801 1198 suis
819 1122 947 1219 ubique
966 1123 1056 1196 locis
1075 1125 1200 1218 agitur.

783 1325 791 1343 .
821 1275 906 1348 619.

573 1275 884 1490 Repulombutum
902 1394 1080 1468 Militare.

325 1519 450 1592 Restat
468 1520 525 1591 hic
544 1521 586 1593 de
604 1521 752 1594 notabili
770 1521 831 1593 illo
857 1517 1127 1592 intertenendae
1154 1518 1299 1590 Militiae
1320 1519 1428 1612 adju-

225 1624 317 1693 torio
336 1621 563 1714 loquendum,
586 1623 680 1718 quod
698 1625 826 1695 tacitae
846 1620 1115 1693 contributionis
1134 1619 1289 1691 indolem
1307 1622 1426 1713 babet,

226 1722 416 1793 secundum
444 1745 622 1812 normam,
651 1723 843 1794 accedente
874 1724 1083 1793 auctoritate
1108 1723 1230 1814 regia,
1258 1724 1322 1794 sub
1353 1747 1426 1796 no-

226 1821 461 1894 menclatione
479 1822 807 1918 Regulamenti
833 1822 1062 1896 Militaris
1090 1823 1195 1894 Anno
1226 1825 1425 1896 175111-

226 1935 327 1995 rante
354 1924 478 1996 Diaeta
508 1927 772 1998 concinnatum:
801 1923 912 2016 Hujus
936 1925 1065 2016 vigore
1084 1934 1181 1996 certa
1207 1929 1425 2016 nutrimenti,

224 2025 411 2118 pabulique
441 2030 605 2122 species,
633 2026 778 2100 Militiae
806 2050 826 2097 a
855 2025 999 2098 Colonis
1026 2023 1142 2096 delixa
1169 2029 1285 2121 pretio
1312 2051 1424 2123 prae-

226 2125 371 2216 standa,
399 2129 435 2197 in
459 2131 575 2200 vicem
603 2130 716 2224 parati
735 2131 852 2215 aeris,
880 2127 979 2199 titulo
1011 2124 1287 2200 contributionis
1317 2129 1426 2201 debiti

226 2232 404 2322 acceptari
430 2234 640 2319 consuevit,
667 2241 703 2302 et
732 2229 777 2302 ob
807 2227 1037 2301 dllferentiam
1054 2233 1146 2299 inter
1164 2227 1297 2301 realem
1314 2231 1424 2303 valo-

226 2350 322 2417 rem,
351 2341 386 2401 et
414 2329 679 2403 determinatum
713 2333 888 2426 pretium,
936 2350 1022 2420 erga
1060 2329 1154 2423 quod
1189 2353 1302 2422 genus
1331 2333 1425 2406 istud

227 2431 477 2525 praestationis
504 2431 832 2504 subministrandum
860 2438 936 2519 est,
965 2430 1321 2524 deperditarum
1352 2456 1423 2505 no-

227 2552 308 2601 men
327 2534 463 2625 aceepit
480 2530 534 2621 ἢ.
564 2532 725 2606 Subsidia
748 2531 875 2605 bellica
893 2533 930 2603 in
949 2529 1108 2604 Comitiis
1128 2537 1336 2627 saepissime
1355 2535 1424 2606 de-

229 2641 349 2721 creta,
378 2654 468 2725 quae
492 2633 676 2706 variabant
705 2656 868 2730 semper,
896 2655 1059 2727 aevoque
1087 2637 1279 2706 recentiori
1309 2638 1423 2708 asola

227 2731 304 2804 iere
323 2731 515 2804 Nobilitate
534 2733 756 2825 ferebantur,
784 2734 1072 2830 quemadmodum
1100 2744 1136 2804 at
1161 2747 1424 2832 1111111111-Ι

228 2834 308 2903 niae
327 2833 461 2924 aliquot
479 2835 521 2906 ab
545 2835 627 2906 binc
652 2834 810 2907 Comitiis
836 2835 880 2906 ad
898 2845 1045 2930 tyrones
1064 2835 1256 2926 militares,
1285 2837 1422 2910 facilius

230 2931 507 3023 conducendos,
535 2934 674 3025 oblata,
701 2937 762 3010 vel
783 2937 1084 3026 extraordinaria,
1112 2940 1172 3011 vol
1200 2945 1423 3034 temporanea

228 3044 308 3206 supi
332 3038 469 3126 magis,
498 3059 600 3131 quam
625 3048 664 3109 ut
692 3041 799 3110 certis
827 3038 998 3111 reditibus
1025 3037 1175 3133 publicis
1205 3039 1422 3114 adnumerari

228 3158 273 3208 va
289 3145 380 3206 eant.

269 3237 305 3318 ⁴¹)
328 3237 410 3299 Noto
433 3238 465 3298 in
496 3240 705 3384 pertransitu:
739 3239 836 3340 legem
862 3235 956 3384 issdq.
989 3237 1215 3384 Artffi9¹⁰·¹¹'
1240 3237 1423 3342 contentam,

313 3327 723 3487 titulistrttlttt,
746 3334 1276 3474 t‘ttitttt„satellitii
1295 3327 1424 3475 titt

315 3495 384 3554 darn
409 3495 601 3575 decrevissa;
625 3496 750 3574 sequela
772 3496 890 3572 luerat,
920 3494 1068 3558 armissio
1099 3495 1307 3578 regnicolaris
1332 3499 1422 3580 (stilo

314 3579 405 3640 nobis
438 3578 558 3642 forensi
589 3582 679 3664 utor)
710 3581 949 3665 Deputationis,
981 3579 1177 3661 opinionem,
1207 3585 1350 3647 meritum
1379 3585 1424 3646 rei

315 3665 554 3740 exhaurientem‚
571 3669 801 3745 depromentem
822 3663 913 3749 cujus
934 3684 1013 3746 opus
1030 3667 1161 3746 proinde
1176 3667 1283 3750 Regis,
1305 3669 1423 3752 Regni-

319 3767 376 3826 qua
400 3749 553 3811 revisioni
574 3752 767 3813 substratum
791 3751 862 3815 suit.

664 3881 824 3966 Caprae
846 3881 982 3951 XXI.

558 3989 614 4073 ite
641 3991 838 4074 Dominio
875 3993 1098 4076 eminenti.

751 4124 785 4209 §.
815 4123 901 4197 620.

625 4249 842 4319 Rammium
862 4253 1035 4320 1111111.

333 4366 362 4436 E
388 4378 512 4440 natura
540 4367 716 4459 civitatis,
744 4379 781 4442 et
807 4368 1043 4444 remediorum
1070 4367 1114 4442 ad
1141 4369 1268 4462 linem,
1303 4372 1361 4466 qui
1388 4370 1422 4442 in
