3158 4864
300 400 419 466 „eaque
441 388 541 448 temen
564 379 685 466 majore
707 383 917 464 possidentes,
940 401 1073 466 quorum
1090 383 1210 448 ratione
1232 383 1265 448 in
1281 401 1411 466 numero

301 469 466 548 „statuum
488 486 611 548 semper
634 467 777 546 luerunt,
808 479 899 552 atque
921 489 957 533 ac
978 469 1100 546 Duces,
1134 478 1164 534 et
1186 469 1343 546 Comites3
1374 490 1412 534 ex

300 573 383 634 „quo
406 560 508 616 autem
529 554 658 636 ingenui
680 556 884 636 adspirarunt
906 559 945 618 ad
967 555 1188 633 Nobilitatem,
1217 555 1411 636 Comitisque

212 647 215 654 '
299 639 448 720 „Titulus
471 640 669 704 manifestior
697 661 772 722 prae
801 643 866 704 illis
888 643 1108 724 praerogativa
1136 641 1211 720 luit,
1244 643 1412 706 voluerunt
1440 679 1443 688 ι

298 726 413 806 „etiem
436 725 577 808 plerique
599 727 760 810 Dynestac
782 729 845 791 sibi
867 728 949 791 bunc
971 728 1095 791 titulum
1119 729 1310 793 vindicare.“

496 941 684 1033 Exemplo
712 840 920 1014 obeoeeQdirbm
950 945 1130 1016 Genuum.

313 1063 390 1138 Hoc
408 1067 606 1139 vicinorum
627 1066 790 1162 exemplo
820 1066 911 1162 apud
929 1089 997 1142 nos
1023 1090 1163 1164 quoque
1191 1067 1306 1160 Regio
1328 1069 1412 1146 uui-

211 1189 319 1241 versa
351 1171 387 1239 in
419 1165 631 1257 ComitatuS,
660 1187 747 1262 quas
774 1167 943 1262 chartac,
968 1181 1185 1267 veteresque
1217 1173 1410 1263 scriptores

211 1273 416 1366 paroecias,
443 1268 644 1365 parochias,
688 1269 897 1366 quandoque
924 1275 1127 1368 provincias
1158 1275 1190 1366 ⁸)
1219 1276 1411 1362 nominant,

212 1373 405 1462 subdivisa,
438 1373 526 1462 (51)
554 1370 702 1468 singulis
736 1394 857 1444 eorum
886 1398 951 1474 pro
986 1374 1212 1448 Moderatorc
1248 1371 1410 1446 Comes

211 1473 449 1547 Parochianus
472 1494 549 1544 cum
576 1477 697 1569 specie
725 1475 873 1567 quedam
900 1480 1157 1571 superioritutis
1185 1475 1410 1548 territorialis

212 1575 388 1668 obtigerat
404 1571 461 1665 Ὅ,
490 1579 549 1669 qui
568 1595 658 1645 vero
684 1575 914 1647 Territorium
937 1578 1135 1671 quodpiam,
1164 1586 1223 1647 aut
1250 1575 1410 1649 Castrum

212 1677 362 1769 analoga
392 1697 471 1770 cum
492 1674 739 1766 jurisdictione
769 1697 789 1745 a
814 1676 992 1769 Regibus,
1022 1688 1057 1748 ct
1085 1677 1178 1747 forte
1208 1679 1367 1748 nonnulli
1390 1701 1410 1750 a

210 1778 366 1850 Ducibus
388 1778 507 1872 plane,
530 1773 622 1845 dono
647 1786 872 1870 acceperant,
892 1776 1037 1849 Comitis
1060 1797 1235 1871 persaepe
1260 1779 1408 1868 titulum,

210 1879 379 1951 haeredis
410 1877 605 1968 adiectum,
633 1876 676 1947 ad
703 1878 875 1950 Posteros
906 1882 1187 1950 transmiserunt.
1216 1877 1293 1948 Hoc
1322 1899 1409 1949 sane

213 1985 388 2060 axiomata
401 1980 559 2051 decorati
573 1981 610 2049 in
622 1978 875 2073 antiquioribus
896 1979 1026 2053 chartis
1045 1979 1137 2050 haud
1149 1999 1253 2067 unus,
1273 1979 1409 2051 alterve

213 2091 419 2156 constanter
440 2090 657 2178 comparent,
686 2081 851 2174 clareque
871 2103 944 2154 non
964 2085 1091 2172 minus,
1110 2104 1152 2152 ac
1169 2081 1410 2152 vetustissima

209 2186 424 2275 liberorum,
453 2186 645 2275 majorum,
674 2203 716 2252 ac
741 2194 994 2278 perpetuorum
1025 2182 1197 2256 Comitum
1226 2185 1263 2253 in
1293 2181 1411 2254 Patria

210 2298 334 2362 nostra
355 2294 595 2360 remonstrant
615 2281 774 2354 exordia.

209 2427 215 2436 ·
252 2409 291 2493 ⁸)
317 2408 387 2470 Non
409 2418 499 2472 vacat
520 2406 614 2469 isthic
636 2425 721 2481 eam,
751 2405 835 2466 inter
856 2405 1069 2488 Archeologos
1092 2412 1221 2467 nostros
1243 2405 1410 2467 etiamnum

294 2493 475 2570 indecisam,
499 2491 744 2555 controversiam
762 2489 1011 2569 solvere,utrum
1025 2490 1163 2555 comites
1187 2490 1305 2568 castri,
1327 2510 1410 2571 quo-

294 2597 366 2642 rum
390 2589 545 2658 utcunque
578 2593 659 2657 vage
688 2577 839 2639 memoria
867 2587 1030 2658 superest,
1063 2579 1176 2653 iidem,
1209 2595 1248 2639 an
1278 2577 1409 2653 diversi,

295 2667 377 2746 quod
397 2663 496 2727 multo
519 2662 618 2744 magis
636 2662 816 2726 verosimile
838 2665 953 2738 evadit,
975 2661 1187 2728 aOcmitibus
1205 2662 1409 2726 Parocbiauis

293 2749 434 2812 luerint?
456 2748 633 2812 affirmabat
655 2748 848 2812 identitatem
863 2750 976 2814 Kolldr
990 2769 1059 2812 cum
1073 2749 1195 2830 Pray03
1218 2749 1408 2810 contrarium

292 2833 472 2898 Kovacbicb
488 2835 522 2914 b)
546 2844 703 2912 senserat,
727 2833 776 2897 bic
799 2835 880 2896 enim
909 2834 1046 2900 (leonites
1071 2834 1177 2899 (lustri
1200 2832 1272 2896 buic
1294 2833 1408 2910 solum,

293 2920 472 2983 latifundiis
497 2920 569 2982 item
592 2940 629 2982 eo
652 2920 876 3000 spectantibus,
898 2922 1073 3002 praelectus
1096 2937 1166 2982 esse
1188 2921 1295 2981 tradit.
1317 2917 1408 2982 llos-

293 3009 361 3069 dem
384 3006 416 3068 in
440 3006 589 3086 populum
612 3006 754 3085 praecisa
777 3015 965 3070 castrensem
987 3009 1172 3070 auctoritate
1195 3001 1292 3082 civili,
1308 3002 1408 3088 juxta,

291 3111 328 3156 ac
350 3092 481 3154 militari
504 3091 605 3154 fuisse
628 3091 776 3172 gavisos,
807 3093 860 3154 vix
882 3103 930 3156 est
952 3113 1008 3156 our
1030 3093 1225 3168 dubitamuse
1248 3093 1409 3154 enimvero

292 3179 427 3243 evictum
457 3187 551 3258 puto,
584 3177 720 3256 amplam
753 3195 820 3240 eam
854 3187 1007 3242 terrarum
1041 3178 1182 3259 plagam,
1216 3195 1294 3257 quae
1324 3177 1408 3238 intre

290 3265 406 3330 limitas
430 3265 650 3326 modernorum
674 3261 885 3328 comitatuum
908 3264 1109 3342 diffunditur,
1132 3265 1171 3326 ad
1194 3263 1290 3326 castri
1311 3261 1405 3324 unius·

292 3350 485 3414 territorium
508 3347 590 3410 baud
616 3368 766 3430 quaquam
790 3351 993 3430 pertinuisse,
1015 3369 1116 3432 neque
1133 3366 1301 3412 numerosa
1317 3348 1406 3422 adeo,

292 3436 342 3499 bis
376 3433 490 3498 finibus
524 3443 686 3510 contente,
727 3435 960 3515 Praelatorum,
998 3435 1211 3518 Optimatum,
1244 3433 1406 3496 Nobilium

292 3519 471 3584 nobilitaria
492 3521 695 3602 possessoris
718 3528 833 3600 partam
858 3523 1021 3598 territorii,
1054 3523 1093 3583 ad
1117 3519 1263 3586 Castrum
1286 3518 1406 3600 regium

292 3609 474 3689 spectantis,
497 3609 581 3688 quod
605 3609 709 3688 utique
732 3606 764 3667 in
787 3608 911 3686 privato
940 3609 1033 3692 Regis
1057 3607 1195 3670 dominio
1228 3613 1310 3686 erat,
1332 3602 1407 3666 ent·
1453 3667 1456 3673 .

294 3713 361 3758 cere
385 3693 526 3774 potuisse
542 3692 587 3775 ⁰).
960 3733 963 3737 -

762 3830 769 3846 .
799 3779 884 3850 243.

363 3882 535 3968 Quomodo
561 3778 921 3951 restrz'cta§scbindc
947 3901 1029 3952 cum
1050 3893 1251 3972 potestate.

311 4007 445 4080 Verum
480 4004 659 4074 imminuta
693 4001 752 4073 ubi
787 4001 1069 4076 Narmannorum
1101 3978 1299 4074 insulsitas
1331 3995 1406 4070 lm-

206 4129 410 4153 μ

236 4180 262 4243 ⁸)
283 4184 313 4233 lu
332 4192 407 4247 spec.
424 4180 507 4228 Dece.
526 4176 555 4226 8.
571 4173 690 4225 Ladinlai
706 4176 736 4226 L.
753 4175 797 4225 lli.
814 4189 838 4227 o.
855 4174 897 4227 16.

235 4249 265 4314 ὅ)
283 4256 314 4304 ln
327 4253 465 4317 Regeetro
484 4245 742 4308 Veneremque.

236 4321 263 4387 ⁰)
280 4325 354 4388 Lege
374 4323 468 4385 deoup.
494 4313 653 4369 Kovacnlctn
675 4312 852 4379 not.,Comlt.
869 4309 892 4376 q.
917 4309 959 4364 ³9.
984 4305 1028 4364 lu.
1043 4307 1089 4364 ld.
1104 4314 1206 4374 etseq.
1226 4308 1294 4362 lteru
1318 4306 1405 4362 Butler

286 4399 342 4445 not
357 4391 429 4457 Dlpl
452 4395 507 4443 vet.
522 4388 620 4442 (toust
637 4383 734 4440 vomit.
748 4397 765 4436 e
778 4398 806 4450 p.
824 4379 947 4438 tow-24.
