3158 4864
212 128 283 210 tet

280 413 318 486 E
344 411 514 486 Comitio
541 307 988 504 Repnoolbbubbobrecu
1004 420 1127 508 narsae
1153 414 1335 488 videntur.

280 512 398 610 ¹Hinc
414 523 452 584 ut
470 511 658 602 ordiamur,
685 513 876 586 Decretum
893 513 1060 588 Andreae
1092 515 1152 588 III.
1186 522 1264 587 esto
1292 512 1408 584 codici

210 613 419 702 domestico,
448 615 547 704 cujus
570 618 747 710 repetitim
772 619 987 688 mentionem
1012 619 1155 709 injicio,
1183 637 1256 688 non
1283 617 1405 687 insor-

209 725 282 787 tum
311 717 358 804 ⁸),
386 715 549 810 adpello;
576 715 708 788 indicat
734 716 839 806 istud,
875 719 911 788 in
938 721 1059 812 specie
1079 718 1248 791 articulus
1280 711 1340 786 [Χ.
1363 712 1406 804 a)

210 816 254 888 ad
282 815 469 888 creandum
497 817 612 911 Regni
638 816 832 890 Palatinum
855 817 1003 891 Nobiles
1039 820 1103 892 sub
1132 821 1201 892 boc
1228 818 1330 909 Rege
1362 839 1410 888 ex

210 927 350 990 vetusta
362 918 665 993 consvetudinein
677 920 973 991 consultationem
992 920 1104 994 fuisse
1122 929 1284 995 vocatos.
1307 917 1408 990 Unde

210 1023 355 1115 insuper
376 1023 462 1092 satis
487 1025 676 1118 perspicue
709 1021 913 1114 colligitur,
951 1026 1125 1116 originem
1162 1021 1265 1111 hujus
1285 1022 1407 1109 moris,

212 1123 376 1214 quoniam
395 1120 437 1192 ab
456 1121 601 1196 Andrea
627 1122 686 1194 ΙΙΙ.
706 1163 758 1174 -
793 1127 952 1218 quamvis
970 1125 1254 1221 Arpadianorum
1272 1122 1410 1214 Regum

210 1225 533 1318 postremo-jam
560 1228 785 1320 antiquus
812 1225 1029 1322 adpellatur,
1057 1249 1129 1300 non
1151 1237 1234 1300 tune
1261 1227 1408 1322 primum

212 1334 363 1414 enatam,
390 1347 515 1397 verum
534 1326 636 1398 altius
656 1347 739 1398 esse
758 1329 967 1423 ponendam.

230 1423 265 1507 *)
288 1425 450 1487 Articulus
468 1435 657 1504 provocatus
680 1426 755 1490 baec
778 1430 942 1492 enunciat:
972 1427 1069 1506 „Item
1091 1429 1278 1500 Palatinum,
1300 1421 1410 1506 Magi-

296 1520 417 1587 „strum
440 1511 696 1588 Tavernioorum,
718 1512 794 1574 Vice
812 1513 1052 1590 cancellarium,
1074 1515 1216 1576 dudicern
1233 1509 1347 1573 Clariae
1368 1528 1411 1571 ex

299 1596 498 1671 „oonsilio
520 1597 728 1659 Nobilium
745 1598 878 1678 Regni
901 1599 1049 1675 nostri,
1072 1599 1296 1677 errantique
1317 1614 1410 1657 con-

300 1681 534 1756 „svetudinc
552 1681 677 1761 Regni
697 1685 829 1743 nostri
849 1682 1031 1744 iaciemus.“

267 1893 517 1982 Oonjectoroe
543 1893 756 1986 defferentes
784 1895 839 1966 od
851 1917 894 1966 ae
912 1901 1068 1967 anciram
1097 1894 1359 1967 conciliantur.

314 1991 440 2066 Nullus
461 2003 715 2082 controverto,
744 1995 916 2088 quaedam
945 1995 1026 2067 huic
1046 1998 1203 2092 opinioni
1222 1999 1335 2066 minus
1355 1993 1413 2066 la-

218 2117 331 2184 vere;
367 2095 477 2168 verba
514 2098 681 2190 imprimis
712 2095 871 2175 desumto
901 2119 948 2170 ex
974 2098 1142 2170 Andreae
1170 2096 1213 2168 Il.
1243 2096 1413 2186 Decreto,

218 2220 348 2270 novem
366 2194 408 2268 ab
428 2221 535 2269 aurea
552 2197 654 2269 Bulla
673 2201 774 2268 annis
794 2203 909 2270 serius
930 2201 1097 2289 condito,
1119 2201 1219 2290 cujus
1237 2201 1416 2293 repetitim

218 2303 431 2371 mentionem
459 2299 606 2372 lecimus
637 2297 671 2387 b)
690 2295 744 2388 Ὅ.
763 2338 815 2350 -
833 2299 957 2384 Quidsi
984 2312 1101 2371 tamen
1135 2303 1194 2372 illa
1213 2311 1330 2372 aetate
1356 2301 1415 2371 in-

219 2422 352 2488 verso,
380 2422 482 2494 quam
511 2403 570 2495 qui
588 2403 703 2470 serius
724 2399 874 2488 obtinet,
908 2401 1046 2489 ordine,
1075 2424 1117 2472 ac
1144 2405 1262 2496 potius
1281 2423 1416 2492 norma,

218 2505 254 2573 in
265 2503 510 2574 Transilvania
524 2499 639 2595 quoad
653 2502 864 2596 praecipuas
884 2501 1074 2595 dignitates
1088 2503 1266 2598 adoptata,
1277 2503 1417 2595 Regni-

221 2605 322 2676 oolae
342 2603 546 2674 candidatos
565 2623 768 2696 proponere
788 2614 888 2674 erant
908 2604 1026 2693 soliti,
1055 2614 1160 2700 atque
1180 2627 1227 2676 ex
1244 2608 1288 2675 iis
1307 2605 1416 2694 Rex,

220 2726 354 2799 quem
391 2706 573 2793 voluit,
602 2703 967 2777 constituebat?
1002 2705 1078 2792 Quo
1115 2709 1261 2802 posito,
1298 2706 1418 2802 diplo-

219 2810 382 2876 maticum
417 2805 484 2877 boo
519 2805 775 2877 Documentum
812 2809 968 2901 apprime
997 2809 1206 2879 conciliatur
1245 2828 1322 2878 cum
1348 2811 1417 2897 iis,

220 2929 309 3002 quae
340 2906 383 2977 de
420 2910 537 3002 prisca
572 2909 631 2980 illa
669 2907 927 2980 consuetudine
962 2909 1129 2980 Andreae
1162 2909 1237 2998 111,
1265 2909 1416 2998 Alberti,

219 3007 388 3081 Uladislai
425 3009 493 3097 ll.,
537 3030 579 3079 ac
617 3007 787 3080 Ludovici
823 3008 866 3079 ll.
912 3009 1050 3104 Regum
1087 3010 1252 3083 Decretis
1297 3015 1416 3084 conti-

221 3121 347 3182 nentur
378 3113 431 3202 ⁰),
467 3109 678 3204 facilemque
706 3112 1034 3204 interpretationem
1063 3111 1204 3186 habebit
1236 3114 1416 3209 professio

220 3211 368 3285 Palatini
393 3213 545 3283 Emerici
572 3209 658 3300 aa),
686 3211 930 3306 pluriumque,
958 3218 1017 3309 qui
1046 3215 1219 3287 honorem
1238 3218 1419 3287 Palatina-

221 3322 277 3384 tus
297 3313 362 3386 sibi
382 3337 446 3409 per
476 3313 625 3406 Regiam
643 3311 866 3402 Majestatem
886 3315 1050 3388 collatum
1079 3317 1287 3404 edixerunt,
1308 3321 1338 3387 si
1360 3326 1419 3384 ta-

221 3437 301 3486 men
320 3416 379 3486 illa
400 3417 576 3510 explicatu
597 3413 708 3484 adhuc
731 3414 891 3508 indigere
910 3417 1106 3508 videretur,
1135 3442 1238 3514 quum
1257 3417 1417 3514 Palatini,

223 3519 382 3612 quamvis
408 3540 427 3588 a
457 3515 611 3590 Statibus
641 3523 677 3586 ct
706 3515 894 3590 Ordinibus
924 3521 1050 3609 electi,
1085 3519 1164 3590 dum
1191 3541 1256 3613 per
1282 3517 1419 3610 Regem

221 3623 369 3713 praevie
398 3619 591 3708 candidati,
620 3617 809 3690 subsecuta
844 3619 925 3691 dein
952 3622 1128 3693 electione
1158 3617 1419 3710 confirmantur,

220 3723 421 3815 ¹rectissime
450 3719 676 3814 praedicant,
715 3739 754 3792 se
792 3719 883 3792 hanc
914 3743 1012 3793 suam
1042 3723 1248 3814 dignitatem
1282 3721 1418 3814 Regiae

221 3820 401 3912 Majestati
418 3819 515 3891 ferre
542 3831 733 3917 acceptam.
762 3821 860 3894 Haec
878 3831 995 3895 tamen
1020 3844 1092 3895 non
1118 3824 1210 3896 ultra
1228 3826 1420 3916 conjectu-

222 3943 282 3994 ras
302 3930 502 4016 assurgunt.

217 4039 433 4196 We
451 4087 528 4140 1291.
540 4089 610 4153 quod
625 4087 696 4139 edid.
711 4086 870 4140 ltovaohtcb
887 4087 991 4155 syntag.
1006 4089 1118 4146 Deerat.
1138 4092 1168 4144 n.
1182 4089 1203 4142 l.
1221 4105 1246 4156 p.
1263 4090 1304 4141 16.
1318 4095 1346 4140 et
1362 4101 1421 4152 neq.

245 4154 281 4295 A
296 4157 486 4356 {igge'agbb
501 4159 665 4284 ἷηοοῗῗὲθῖ.
687 4228 732 4280 ort.
748 4232 799 4279 art.
817 4227 843 4280 a
861 4225 970 4282 nissen
985 4231 1052 4298 neg.
1066 4232 1132 4285 neo.
1153 4231 1187 4285 aa
1206 4232 1239 4283 n.
1257 4227 1334 4284 atae.
1346 4227 1372 4282 a.
1386 4255 1423 4268 -
