3144 4860
238 443 280 528 ὕ)
302 437 452 506 Kellerus
483 441 559 504 heac
590 438 702 503 demtis
733 437 909 514 Sandaliis,
940 444 970 499 et
1002 433 1181 520 Tibiallbus
1214 453 1279 498 non
1307 436 1401 499 modo

283 525 734 608 descripsitdiligentissime,
757 543 866 588 rerum
888 525 928 585 ad
949 518 1201 604 uniuscujusque
1223 521 1402 612 ἀρχέτυπον

204 638 207 644 ·
283 615 317 677 ἰιι
348 614 482 694 quinque
516 611 650 675 Tabulis
683 615 787 672 exacte
821 609 963 690 depicta,
995 607 1198 691 vulgarit·).
1238 613 1319 670 Sunt
1346 608 1403 671 illa

285 699 485 780 quantumvis
508 717 586 777 pene
609 697 735 779 singula
756 697 908 771 incertae,
937 693 1174 774 antiquissimae
1195 692 1402 759 nihilominus

285 784 437 865 originis,
474 786 511 845 dc
541 783 653 863 quibus
685 791 792 863 utpote
823 791 946 862 praeter
972 778 1135 860 Diploma‚
1179 778 1343 842 Uladislao
1375 781 1402 843 1.

282 880 443 952 regnante,
466 869 650 945 conlectum,
673 868 829 948 pauloque
846 877 917 930 ante
932 874 1147 947 provocatum,
1169 864 1352 929 Hornekius
1366 867 1401 949 h)

286 966 316 1018 et
347 955 525 1018 Chronicon
565 954 854 1037 Selishurgensc0)
888 971 1068 1033 expressam
1098 953 1137 1012 ad
1171 953 1315 1014 Andreae
1344 953 1402 1015 lll.

288 1041 455 1104 Veneeslai
476 1041 615 1117 Rohemi,
638 1039 894 1103 OttonisBavari
913 1048 1054 1119 tempora
1069 1037 1256 1100 mentionem
1271 1039 1402 1102 faciunt.

288 1131 442 1192 Accenset
471 1127 522 1188 his
552 1127 683 1206 insuper
710 1125 900 1188 lerninanni
920 1125 946 1189 1.
969 1124 1098 1205 Apoclna
1120 1126 1158 1186 de
1179 1126 1237 1186 Α110
1268 1125 1352 1187 1552
1365 1124 1400 1210 d)

289 1214 392 1296 (quod
415 1215 447 1275 in
471 1213 663 1292 pertransitu
685 1212 782 1295 noto)
804 1213 893 1274 varia
908 1219 1099 1291 paramenta,
1122 1218 1152 1272 et
1165 1209 1285 1290 lapides
1302 1229 1402 1292 quos-

288 1304 358 1363 dam
381 1299 557 1380 pretiosos,
583 1299 676 1360 hodie
697 1319 760 1362 non
783 1298 918 1379 amplius
940 1296 1143 1378 reperibiles,
1173 1304 1222 1358 est
1243 1305 1347 1360 ectum
1369 1298 1403 1362 in

288 1387 394 1448 eadem
418 1404 491 1446 arca
522 1385 711 1446 reconditos.
747 1385 809 1458 Qui
838 1384 930 1465 plura
961 1387 998 1446 de
1022 1383 1164 1446 Claudiis
1187 1401 1284 1446 nosse
1306 1384 1402 1464 cupit,

287 1472 435 1552 inspiciet
457 1470 578 1532 utiliter
606 1469 722 1532 Petri
758 1472 804 1533 de
836 1471 943 1532 Reva
973 1469 1332 1533 (lomoni-ationem
1354 1471 1400 1532 de

288 1575 408 1620 sacra
429 1557 557 1638 Regni
593 1555 750 1619 (lerona
771 1555 1010 1637 Hungariae
1040 1554 1151 1617 ultra
1172 1553 1251 1617 700
1274 1574 1401 1617 annos

288 1642 537 1706 clarissima.
561 1641 637 1702 ltem
657 1639 727 1725 ejus
751 1641 976 1704 centurias
1000 1647 1149 1720 septem
1172 1642 1216 1702 de
1238 1641 1401 1703 Moner-

288 1729 397 1803 clia,
420 1735 458 1789 et
481 1746 601 1788 sacra
624 1725 786 1789 Corona
807 1728 929 1809 Regni
955 1727 1201 1806 Huugariae.
1231 1727 1400 1789 Selmei-

289 1811 370 1874 tzel
399 1812 439 1875 in
473 1812 778 1876 Schediasmate
809 1815 852 1876 de
882 1807 1127 1895 Insignibus
1160 1810 1276 1894 vulgo
1309 1813 1401 1875 Gle-

288 1897 422 1988 nodiis
439 1898 570 1980 Regni
592 1898 832 1982 Huugariae.
854 1900 1045 1964 Methiam
1067 1899 1134 1962 nel
1150 1901 1196 1962 de
1218 1898 1400 1980 Insigni-

288 1983 376 2062 bus,
411 2003 481 2048 eeu
512 1984 727 2049 (llenodiis
756 1986 1014 2068 Huugariae,
1046 1993 1076 2051 et
1097 1985 1287 2050 recentiores
1309 1983 1400 2066 alios,

287 2069 366 2136 bene
387 2089 585 2137 numerosos.

725 2160 763 2246 ὅ.
795 2161 878 2234 122.

627 2288 732 2360 Orus
757 2287 991 2380 Apostole'cc.

304 2410 383 2484 Nec
403 2412 539 2506 reliqua
565 2433 772 2507 pomparum
800 2412 957 2504 fereula,
986 2413 1192 2508 simpliciter
1222 2412 1401 2489 hocloco
1459 2470 1462 2478 ,

203 2515 528 2610 praetermittenda,
549 2517 725 2603 existimo,
745 2521 835 2609 quae
853 2527 1007 2590 nontam
1022 2519 1216 2590 incensum
1231 2517 1403 2611 regalium

204 2612 455 2690 clenodiorum
472 2618 632 2706 veniunt,
661 2628 786 2689 cuncta
806 2628 922 2691 tamen
941 2622 1098 2715 propria,
1127 2629 1162 2692 et
1180 2619 1403 2714 homogenea

203 2717 359 2811 gaudent
381 2720 627 2791 destinatione.
657 2718 732 2791 Huc
759 2720 879 2792 refero
905 2732 979 2795 tres
1000 2721 1145 2811 Cruces,
1174 2723 1292 2815 effigie
1312 2723 1403 2798 Ser-

202 2823 339 2894 vatoris
358 2830 512 2894 ornatas.
541 2822 759 2916 Argenteum
783 2823 954 2896 videlicet
973 2828 1009 2896 in
1029 2824 1134 2896 rubra
1156 2828 1303 2920 pertica,
1336 2847 1403 2896 oen

202 2929 341 3021 signum
358 2923 605 3021 Apostolatus,
634 2949 654 2996 a
674 2927 788 3019 primo
807 2924 945 3018 Regum
968 2937 1169 3000 nostrorum
1189 2930 1225 2998 in
1244 2925 1403 3000 Succes-

202 3050 306 3103 sores
321 3028 537 3114 derivatum
558 3025 649 3098 hanc
659 3026 858 3121 Episcopus
879 3027 922 3098 ad
937 3028 1072 3100 titulum
1094 3050 1217 3102 sacrae
1239 3027 1402 3104 Coronae

201 3131 392 3206 obnoxium
426 3131 647 3218 nominatus,
675 3138 780 3221 etque
816 3133 1048 3202 communiter
1087 3154 1107 3202 e
1145 3131 1403 3206 Ocnonieorum

200 3234 500 3328 strigoniensium
535 3241 641 3302 coetu
674 3230 832 3302 delectus
869 3231 1028 3324 praefert
1058 3234 1195 3327 Regiae
1224 3235 1403 3326 Majestati

83 3389 87 3396 ,
200 3361 272 3411 non
294 3337 399 3407 modo
418 3338 496 3428 ipsc
526 3330 583 3400 die
610 3330 913 3424 lnaugurationis,
941 3355 1066 3408 verum
1096 3337 1234 3426 dehinc,
1263 3339 1402 3428 quoties

200 3437 341 3514 solenni
357 3445 485 3533 pompa
502 3435 593 3503 intra
612 3432 728 3526 Regni
747 3433 836 3508 fines
854 3438 1030 3530 procedit,
1059 3449 1117 3512 aut
1142 3441 1232 3512 solio
1260 3436 1401 3508 insidet.

198 3543 337 3629 Altera,
366 3560 468 3634 quam
483 3539 761 3610 Tevernnorum
778 3539 964 3632 Regalium
982 3541 1153 3636 Magister
1171 3543 1207 3610 in
1223 3538 1403 3610 Pulvinari

199 3653 386 3738 gestat-
407 3637 698 3735 quemadmodum
716 3640 834 3734 Regni
859 3642 1038 3715 Palatinus
1069 3640 1258 3729 Diadema,
1285 3639 1402 3713 ludex

199 3745 326 3819 Curiae
356 3745 493 3834 Regiae
526 3739 711 3836 Septrum,
739 3742 882 3813 Pomum
911 3741 1074 3816 Oroatiae
1103 3743 1244 3831 Bonus,
1271 3742 1401 3815 Ensem

199 3846 701 3942 Stephaneumd'incernarum
713 3844 899 3937 Regalium
914 3845 1097 3938 Magister,
1115 3884 1167 3896 —
1179 3846 1401 3917 Vestimenta

200 3949 337 4020 demum
359 3943 522 4019 Coronae
541 3946 747 4035 Duumviri;
770 3969 860 4040 quae
882 3944 977 4020 Crux
992 3987 1045 4000 -
1064 3949 1193 4022 usitato
1215 3949 1401 4020 Ecclesia-

200 4054 298 4123 sucis
324 4048 492 4143 loquendi
523 4070 622 4122 more
665 4087 717 4103 ..-
748 4051 834 4126 alias
880 4051 988 4140 Pax,
1025 4051 1086 4124 vel
1124 4050 1265 4123 Pacis
1272 4051 1401 4123 icale

227 4220 257 4355 Ρ)
272 4221 557 4344 gll'dcrllrlmsllorllreelr
573 4223 724 4358 ἓὲιῖἓὲτοη
740 4306 781 4360 ep.
797 4265 878 4347 i’ece.
893 4295 993 4362 script.
1011 4310 1064 4350 rer.
1080 4296 1174 4349 Austr.
1191 4296 1222 4350 Τ.
1237 4297 1281 4352 ΙΙΙ.
1300 4310 1324 4362 p.
1339 4295 1400 4350 386.

228 4362 253 4423 ⁰)
273 4364 321 4426 Ap.
334 4365 413 4416 eund.
428 4365 510 4418 Pecs.
528 4363 576 4430 0p.
591 4365 637 4415 cit.
653 4368 684 4417 Τ.
702 4368 721 4418 l.
737 4376 763 4428 p.
781 4361 841 4418 402.

227 4429 256 4499 ⁶)
272 4431 344 4498 Pray
360 4435 455 4488 Annei.
470 4435 500 4489 P.
513 4434 546 4489 V.
560 4449 586 4502 p.
601 4431 661 4488 456.
