3138 4858
117 181 265 304 'oo

210 419 285 470 ram
302 396 499 494 patiuntur)
528 391 668 469 attribui
686 415 810 492 possa,
837 399 953 474 animo
972 420 992 471 a
1016 400 1274 496 praeventione
1291 395 1407 472 libero

134 498 137 503 ’
213 500 410 575 consultum
428 497 555 589 videri,
583 499 652 570 imo
671 498 732 572 vel
750 503 921 600 possibile
940 500 1021 574 fore
1049 502 1273 577 statuemus?
1296 575 1300 587 ,

760 759 768 777 .
797 708 883 780 418.

582 706 825 906 Contrebiam
841 851 911 904 nec
928 830 1040 923 lepor.

312 975 394 1051 Seio
422 976 546 1072 leges,
573 981 776 1050 nominatim
806 973 998 1052 articulum·
1016 979 1051 1051 7.
1075 979 1209 1068 1553.,
1239 978 1298 1074 qui
1318 999 1406 1073 erga

210 1081 492 1176 propositionem
510 1077 582 1152 divi
599 1079 810 1152 Ferdinandi
828 1078 1056 1176 vl.,etv11.
1076 1078 1114 1176 ⁴⁵)
1138 1079 1182 1152 de
1200 1085 1316 1154 veteri
1334 1081 1408 1154 Pa-

210 1192 301 1254 trum
318 1183 493 1275 religione
511 1179 718 1272 retinenda,
746 1181 1118 1280 statuendisque
1144 1186 1190 1256 in
1216 1183 1407 1257 violen-

211 1292 288 1358 tos
324 1285 797 1358 ecclesiasticorum
841 1296 1159 1381 proventuum
1205 1307 1408 1381 occupa-

211 1396 367 1476 tores,
411 1391 759 1484 praetermisso
802 1390 936 1480 juris
985 1387 1186 1478 ordine,
1231 1390 1406 1483 poenis

209 1491 338 1586 perlati
356 1487 517 1576 fuerant,
548 1493 604 1562 17.
632 1511 722 1562 voro
746 1493 867 1577 1556,
897 1493 955 1583 qui
975 1489 1018 1561 de
1046 1488 1269 1585 praestandis
1289 1491 1407 1564 muni-

212 1591 366 1663 tionibus
386 1611 451 1684 per
480 1588 685 1676 Comitatus,
713 1591 855 1663 Tibiscc
884 1590 1006 1661 adsitis
1027 1594 1115 1681 agit,
1144 1590 1276 1661 diserte
1303 1591 1409 1664 dele-

212 1701 304 1763 ctum
329 1691 571 1762 instructionis
598 1710 767 1778 causare,
796 1692 981 1783 quominus
1011 1688 1185 1782 quidpiam
1204 1689 1407 1781 ordinetur,

212 1791 295 1889 qnid
322 1799 439 1861 autem
465 1788 634 1885 praesidii
661 1789 743 1860 inde
762 1790 959 1864 adversarii
988 1811 1073 1862 suae
1105 1794 1302 1862 sententiae
1321 1795 1409 1863 vin-

212 1893 331 1966 dicare
350 1901 504 1987 queant,
532 1891 648 1962 fateor
666 1913 722 1963 rna
741 1897 893 1964 nescire.
906 1890 1047 1964 ‘Nullus
1077 1895 1190 1981 enim,
1218 1892 1277 1986 qui
1295 1895 1409 1965 meri-

183 2019 190 2028 *
213 2007 287 2069 tum
307 1995 476 2068 horumce
495 1995 723 2066 articulorum
742 1993 887 2066 subacto
906 1992 1134 2092 perpenderit
1155 1993 1311 2084 judicio,
1337 2017 1411 2066 non

213 2100 309 2172 illico
339 2098 617 2186 animadvertet,
645 2099 780 2193 primo,
810 2107 915 2190 atque
946 2096 1103 2168 secundo
1129 2096 1210 2168 loco
1237 2093 1409 2169 adductos

212 2204 307 2274 circa
327 2200 467 2292 objecta
493 2202 656 2290 versari,
683 2198 933 2270 individualem
962 2199 1239 2291 uniuscujusque
1256 2196 1410 2271 liberta-

212 2314 305 2393 tem,
339 2304 681 2399 praerogativasque
713 2300 910 2372 cardinales
938 2298 1125 2389 ferientia,
1163 2301 1410 2396 insequentem

213 2406 257 2476 de
285 2403 458 2476 localibus
490 2401 663 2492 adjunctis
690 2399 921 2473 Comitatuum
950 2401 1151 2490 disserere,
1185 2405 1220 2472 in
1261 2424 1410 2498 quorum

212 2516 363 2602 utroque
392 2525 527 2600 genere
562 2502 720 2595 obligare
739 2505 993 2575 instructiones
1021 2505 1114 2575 inter
1139 2524 1206 2576 nos
1226 2509 1406 2578 convenit.

212 2608 285 2681 lmo
313 2609 391 2679 dum
421 2603 588 2677 articulus
616 2606 797 2700 posterior
816 2608 1047 2702 sponsionem
1079 2609 1258 2703 exprimit:
1289 2611 1410 2699 „mit-

128 2794 130 2798 .
215 2718 400 2802 „tentes
428 2705 647 2804 partibus
676 2710 781 2780 suis
809 2730 901 2782 non
940 2707 1219 2804 defuturosf‘
1250 2719 1348 2780 certe
1379 2711 1410 2782 si

214 2811 310 2907 quid,
324 2808 359 2880 id
372 2812 524 2882 omnium
543 2812 682 2881 minime
701 2809 840 2903 probat,
852 2809 1123 2903 quodAblegati
1142 2831 1285 2883 suorum
1296 2807 1408 2883 Com-

213 2913 424 2986 mittentium
443 2908 733 2983 instructionibus
753 2908 914 2994 absolute
935 2916 1233 3005 constringantur.

253 3033 291 3120 ⁴¹)
323 3036 416 3098 Sexta
448 3035 592 3096 bortatur
630 3034 695 3096 Sua
727 3031 882 3117 ltlajeatas
917 3033 1017 3098 tidelis
1056 3035 1210 3112 Ordines,
1244 3043 1274 3098 at
1304 3037 1410 3099 Status

295 3121 413 3203 Regni,
439 3129 499 3198 „ut
528 3120 649 3183 relictis
679 3121 772 3182 novis
796 3121 1020 3202 opinionibus,
1053 3130 1083 3183 et
1106 3123 1266 3184 erroribus
1291 3121 1409 3203 pravis,

297 3228 374 3288 „per
397 3207 756 3288 sectatores-quospiam
780 3206 924 3282 invectis,
947 3209 985 3268 ad
1009 3213 1160 3286 veterem,
1184 3208 1410 3289 Parentumque

298 3313 450 3373 „suorum
473 3313 578 3355 veram
601 3292 804 3372 religionem,
835 3301 864 3355 et
887 3292 926 3355 ab
949 3293 1176 3374 Apostolorum
1201 3314 1299 3375 usque
1330 3302 1411 3356 tem-

298 3399 396 3459 „pore
419 3381 451 3440 in
474 3379 615 3442 Ecclesia
637 3376 800 3440 catiotica
828 3379 988 3459 bucusque
1019 3380 1215 3444 observatam
1246 3387 1410 3442 revertan-

298 3468 393 3546 „tur“
418 3466 556 3544 Septima
588 3482 661 3526 vero
692 3469 813 3528 monet:
846 3473 902 3541 „ut
931 3484 1000 3527 eum
1031 3469 1173 3543 modum,
1207 3473 1236 3528 et
1258 3465 1410 3527 rationem

298 3553 466 3631 „studeant
498 3551 599 3630 inire,
633 3567 693 3631 que
726 3549 856 3613 violenti
887 3551 1170 3615 ecclesiasticorum
1203 3559 1410 3631 proventuum

297 3636 478 3716 „ablatores
516 3658 598 3699 non
634 3633 797 3698 durium
833 3638 1136 3718 processibus,
1177 3638 1248 3700 sod
1281 3635 1411 3698 alitor

298 3723 481 3803 „puniri,
505 3730 541 3784 et
563 3723 610 3785 ad
633 3723 901 3786 restituenda
931 3724 1071 3786 ablata
1093 3724 1184 3806 cogi
1207 3724 1424 3804 possint‘f,

297 3807 384 3872 Haec
407 3817 481 3872 eunt
502 3810 598 3873 verba
620 3806 785 3890 utriusque
809 3810 1048 3890 propositionis.

739 3999 776 4087 §.
805 4002 891 4074 419.

613 4127 696 4230 Nee
708 4134 820 4220 fecto
838 4131 1017 4200 sorbeant.

315 4274 446 4347 Dicunt
473 4282 590 4349 tamen
615 4276 778 4372 exempla
808 4277 889 4351 aevi
917 4297 990 4351 non
1018 4275 1255 4351 recentissimi
1284 4277 1410 4367 solum,

160 4414 162 4418 ·
213 4376 279 4453 sed
297 4380 486 4455 anterioris
515 4400 681 4478 qnoque,
708 4387 873 4477 prestare
902 4381 1323 4460 instructionumsuiote
1342 4382 1411 4454 im-
