3144 4860
1345 275 1522 378 ιι.Ι

195 437 441 531 peratoribus,
469 438 699 533 Regibusque
728 439 904 528 caeteris,
933 460 1023 536 quos
1054 437 1237 514 inieris.
1256 441 1391 515 Proto-

194 537 275 610 Rex
293 539 360 610 sibi
377 551 616 635 proposuerat
645 542 701 631 ·,)
730 544 937 612 necessario
967 540 1224 636 quodammodo
1250 563 1391 618 usuve-

194 640 331 728 niebat;
338 662 586 738 summopere
586 643 668 713 dein
685 641 747 712 id
737 664 851 736 rpsum
868 642 1133 716 commendabat
1151 642 1279 714 ardens
1298 666 1391 716 con-

194 693 424 816 stabiliendae
438 744 641 835 Religionis
660 740 880 815 Christianae
899 743 998 814 zelus
1028 743 1089 833 ¹¹),
1117 766 1159 814 ac
1186 730 1391 834 reverentia

192 845 229 913 in
256 843 452 916 Ecclesiam
481 845 697 933 Romanam,
736 863 975 938 summumque
1013 843 1219 916 Pontificem
1247 848 1389 937 eximia,

194 964 341 1038 quorum
358 955 543 1066 utrumque
571 957 609 1016 ut
636 945 697 1016 ille
723 949 846 1040 regiae
872 946 1050 1039 diguitatis
1076 956 1200 1018 auctor
1225 957 1389 1040 perstare

192 1049 229 1118 iu
256 1046 407 1140 Regno,
433 1051 616 1142 regiisque
645 1047 855 1120 haeredibus
883 1056 1072 1170 tantopere
1102 1048 1305 1137 aestuabat,
1340 1053 1389 1121 ita

192 1147 272 1227 Rex
300 1149 593 1222 coronandus-
541 1171 642 1221 -sr
631 1150 720 1221 uel
738 1153 953 1222 cerimoniae
978 1158 1184 1245 spectentur
1200 1188 1253 1205 -
1266 1151 1389 1224 ineui-

192 1249 345 1322 tabiliter
370 1243 510 1346 publice
536 1249 697 1346 profiteri
730 1249 858 1324 debuit.
887 1250 1047 1326 Suadere
1066 1251 1218 1345 denique
1236 1253 1389 1346 praefe-

190 1361 314 1424 renter
338 1362 505 1449 poterant
531 1353 698 1447 politicae
728 1373 868 1473 quoque
892 1355 1080 1441 rationes,
1103 1356 1313 1447 praesertim
1344 1353 1389 1424 ob

191 1451 492 1526 indeterminatam
518 1456 656 1549 Regum
684 1456 973 1562 successionem,
1002 1453 1125 1551 Capite
1154 1451 1386 1550 praecedenti

191 1555 397 1630 illustratam
417 1559 518 1650 (56).

752 1760 761 1777 .
789 1707 849 1781 83.

583 1835 688 1904 Ostra
716 1629 994 1908 dubrtdtr'onem.

291 1975 410 2048 Missis
449 1980 590 2048 interim
619 1979 856 2067 conjecturis,
892 1981 954 2050 lex
992 1978 1114 2050 similis
1143 1977 1272 2072 suerit,
1312 2003 1385 2055 non

189 2077 298 2149 luerit
320 2078 380 2148 illa
410 2081 601 2149 occasione
618 2078 777 2174 perlata,
806 2078 901 2172 quod
924 2078 1094 2149 hactenus
1121 2079 1251 2173 oppido
1271 2085 1382 2174 igno-

188 2201 329 2269 ramus,
358 2190 542 2273 augustum
572 2185 710 2276 augusti
730 2179 931 2255 conditoris
961 2179 1160 2274 exemplum
1179 2178 1383 2254 Successo-

188 2301 249 2354 res
268 2283 444 2354 constanti
461 2282 651 2377 Religione
671 2280 1141 2380 observasse,·plenissima
1159 2279 1385 2356 historiarum
1472 2353 1475 2360 .

184 2380 257 2453 lide
284 2393 455 2455 tenemus.
484 2381 589 2456 Certe
615 2387 709 2457 omni
736 2405 883 2479 prorsus
909 2393 1010 2456 caret
1036 2384 1276 2478 ambiguitate,
1303 2385 1383 2458 Re-

189 2505 271 2576 gum
293 2485 495 2579 Hungariae
520 2483 818 2576 coronationem,
848 2486 952 2559 ducto
982 2485 1024 2558 ab
1051 2488 1139 2584 ipsis
1170 2485 1382 2583 Stephaneis

189 2587 404 2681 temporibus
443 2587 616 2677 exordio,
657 2592 693 2661 in
730 2611 924 2684 perennem
960 2587 1274 2681 consuetudinem,
1311 2592 1385 2682 vim

187 2685 279 2781 legis
298 2687 459 2785 perfecte
476 2688 725 2780 redolentem,
754 2689 897 2767 abiisse.

722 2861 760 2947 §.
789 2864 849 2936 84.

393 3073 400 3086 ·
434 2956 438 2966 ¹
511 2987 655 3060 Contra
673 3007 785 3079 quom
806 2987 1061 3060 Gustermann.

288 3103 382 3230 Ejus⁸
391 3113 661 3205 perpetuitatem
680 3110 740 3182 illo
760 3120 981 3206 argumento,
1002 3103 1272 3182 aGustermann
1289 3132 1381 3208 pro-

132 3268 135 3273 .
186 3207 259 3281 lato
288 3213 345 3302 ⁰,)
372 3213 577 3306 impugnare
596 3213 692 3284 velle
722 3217 802 3306 quia
831 3216 942 3307 prima
969 3213 1064 3284 Petri
1094 3206 1286 3283 Coronatio
1301 3212 1381 3304 (de
1490 3289 1495 3296 ,

186 3313 341 3384 secunda
371 3314 499 3382 etenim
525 3321 608 3405 post
636 3315 714 3403 ejus
749 3314 794 3385 ad
826 3315 960 3390 Solium
997 3314 1257 3385 restitutionem
1287 3325 1380 3386 con-

186 3415 274 3504 stat)
306 3411 368 3503 )
359 3435 395 3484 m
414 3415 565 3505 antiquis
577 3409 762 3485 chronicis
781 3437 956 3510 expresse
974 3437 1047 3486 uon
1066 3417 1301 3532 memoratum
1320 3416 1381 3488 vel

185 3517 266 3634 quia
285 3536 396 3586 annus
414 3511 629 3606 inauguralis
647 3516 769 3603 unius,
789 3515 981 3586 alteriusve
997 3513 1112 3604 Regis
1131 3517 1265 3606 primae
1284 3515 1381 3588 Stir-
1407 3527 1411 3535 '

86 3701 89 3706 ¹
183 3619 239 3712 pis
257 3615 389 3709 liquido
408 3613 499 3686 baud
516 3623 632 3714 patet,
659 3623 845 3710 postquam
873 3625 954 3686 octo
983 3612 1206 3684 saeculorum
1227 3612 1379 3687 decursu

184 3713 453 3811 quadragenos,
474 3715 675 3812 etamplius
694 3716 814 3810 Reges
834 3735 936 3788 sacro
956 3714 1073 3809 Regni
1091 3707 1312 3804 Diademate,
1333 3739 1380 3788 ex

182 3839 282 3889 more
310 3817 454 3908 Gentis,
482 3817 663 3890 redimitos
683 3818 794 3891 fuisse
820 3821 1005 3907 novimus,
1035 3840 1137 3911 quam
1167 3819 1213 3888 sit
1230 3819 1379 3891 violen-

182 3927 277 4013 tum,
306 3943 348 3991 ac
366 3919 586 3992 sublestum
572 3938 646 4011 Jam
664 3921 724 3993 vel
741 3924 936 4011 monuisse,
955 3919 1134 3992 nonnullis
1154 3941 1377 4024 supervaca-

182 3973 287 4092 neurh
303 4020 491 4094 videbitur

174 4137 401 4160 *1—

212 4192 321 4255 ⁸.)Dee
342 4194 397 4245 bib.
418 4196 442 4245 2.
461 4193 488 4244 lu
502 4193 591 4246 Praei

211 4261 429 4318 blDec.bibi.
448 4263 514 4314 c.t.

193 4332 319 4441 ιΞι-Αιιι.
338 4337 389 4386 llil.
392 4337 461 4390 ‚aaa
464 4341 587 4387 terreretur
601 4329 653 4396 Un
655 4343 689 4382 ιι.
705 4324 896 4399 Θιιιῐιιιιῐιιι.
907 4306 937 4392 R.
950 4328 980 4387 (i.
996 4330 1014 4385 li
1018 4327 1061 4400 ..5
1077 4331 1129 4388 2⁸9

211 4397 239 4468 d)
257 4405 392 4458 Pharoou.
405 4403 505 4458 chron.
521 4401 552 4456 P
570 4399 603 4454 ll.
617 4344 653 4453 C?
662 4399 704 4453 37
904 4448 914 4464 ‚
