3144 4860
723 338 759 424 §·
789 341 849 413 78.

308 460 526 538 Hodierara
554 462 651 563 ordo
679 443 941 538 Sacaeeaioaz'e
966 463 1257 540 haereditariae.

295 581 381 660 Inde
401 592 648 686 consequitur,
676 591 712 662 in
741 589 868 682 Regno
895 587 1096 684 Hungariae
1124 589 1155 662 1⁰
1184 579 1393 664 Modernum

195 690 452 767 successionis
473 691 630 764 ordinem
649 713 731 764 esse
758 692 994 764 linealem
1020 695 1229 782 mixtum,
1258 713 1393 765 secun·-

196 794 276 867 dum
296 815 399 890 quem
419 791 560 867 Corona
578 794 756 885 foeminis,
775 793 967 888 harumque
985 793 1150 889 legitimis
1165 793 1393 868 descenden-

196 895 287 968 tibus
306 900 342 967 in
362 896 503 969 deiectu
522 897 690 969 duntaxat
699 903 859 979 virorum
871 901 1050 994 competit,
1061 919 1271 995 quocunque
1282 895 1394 992 modu

195 1001 323 1071 remoti
341 999 713 1094 exsistant.-·-Vigere
732 1009 932 1096 praeterea,
951 1011 1057 1095 prout
1075 1001 1110 1073 id
1128 1005 1263 1074 sanctio
1280 1021 1394 1096 prag-

195 1104 322 1174 matica
341 1111 463 1198 aperte
483 1107 615 1192 statuit,
642 1102 755 1175 relate
775 1101 819 1174 ad
836 1113 1020 1198 utrumque
1041 1124 1165 1177 sexum
1183 1101 1205 1174 J
1214 1125 1237 1174 u
1251 1123 1268 1175 s
1284 1105 1393 1199 pri-

195 1210 548 1297 mogeniturae,
577 1213 614 1278 et
641 1225 688 1277 ex
715 1209 784 1278 isto
812 1201 1093 1300 prollnens'jus
1129 1207 1277 1278 alterum
1303 1204 1392 1276 Re·

195 1311 652 1402 praesentationis3
679 1310 810 1380 virtute
829 1310 929 1399 cujus
948 1306 1038 1380 filius
1063 1311 1286 1404 primogeniti
1320 1327 1393 1402 pa-

194 1419 284 1480 trem
303 1407 504 1482 defunctum
521 1420 821 1504 repraesentem,
852 1401 1007 1482 excludit
1035 1411 1192 1484 secundo
1222 1414 1390 1504 genitum,

196 1521 233 1584 et
250 1514 303 1585 sic
323 1533 444 1606 porro.
472 1509 531 1582 lll⁰
547 1511 683 1604 Regem
700 1513 897 1603 Religionis
909 1512 1298 1585 Romano-Catholicae
1310 1531 1393 1584 esso

196 1621 376 1708 oportere.
429 1612 493 1682 lll⁰
524 1611 768 1684 Renunciasse
793 1611 981 1706 Hungaros
1008 1617 1178 1706 pristinae
1207 1613 1393 1685 electionis

194 1715 361 1806 libertati,
391 1722 495 1808 atque
514 1713 761 1786 consuetudini
790 1735 973 1807 eousque,
1005 1715 1119 1786 donec
1145 1735 1300 1808 regnans
1318 1714 1394 1785 Fa-

195 1817 287 1890 milia
306 1819 343 1888 in
362 1816 520 1890 omnihus
538 1815 648 1887 tribus
667 1814 916 1912 praeindicatis
944 1820 1051 1888 ramis
1080 1821 1220 1913 penitus
1247 1821 1391 1889 exstin-

196 1926 335 2015 guatur,
364 1918 560 2013 quodlicet
578 1939 625 1990 cx
653 1928 776 1990 natura
804 1923 859 1989 rei
890 1915 1061 2014 profluat,
1089 1923 1220 2014 apertis
1248 1923 1395 2014 insuper

195 2023 287 2116 legis
306 2021 488 2095 tenoribus
507 2023 708 2093 continetur
738 2023 783 2112 ⁸).
813 2020 1036 2116 Quapropter
1056 2021 1159 2094 dubio
1176 2022 1283 2116 plane
1297 2029 1396 2091 caret

195 2128 322 2218 vigore
340 2129 616 2221 praemissorum
635 2146 727 2212 eum,
756 2146 860 2217 quem
877 2123 938 2194 lex
955 2145 1021 2217 per
1030 2128 1250 2196 nativitatem
1260 2143 1395 2194 neces·-

196 2230 290 2302 sario
310 2227 354 2298 ad
373 2227 499 2304 solium
518 2227 693 2318 designat,
713 2224 755 2294 ab
776 2224 872 2296 obitu
890 2225 1001 2316 Regis
1020 2228 1129 2318 ipso
1149 2225 1285 2298 iacto
1308 2244 1395 2297 suc-

197 2330 326 2402 cedere
345 2333 381 2399 in
401 2331 516 2400 omnia
534 2329 789 2400 Antecessoris
808 2324 926 2396 lura
952 2324 988 2395 M
999 2347 1018 2394 a
1025 2327 1038 2414 j
1053 2347 1073 2396 e
1087 2331 1286 2417 statice,
1315 2348 1396 2398 co-

196 2429 491 2523 rundemquo
519 2432 833 2515 exercitium,
856 2425 1050 2519 legibus
1070 2437 1291 2518 attamen,
1319 2427 1396 2499 de-

196 2534 416 2626 latisque
436 2531 619 2625 Imperii
638 2528 991 2602 conditionibus
1011 2541 1394 2630 consentancum.

195 2629 270 2709 IV¹⁰
290 2635 464 2707 Unionem
481 2633 696 2725 Hungariae,
726 2641 761 2704 et
780 2635 984 2726 quorumvis
1004 2631 1220 2725 Regnorum,
1249 2633 1397 2704 acPro-

195 2741 390 2812 vinclorum
414 2735 545 2810 Sacrae
571 2735 688 2829 Regni
707 2732 870 2808 Coronae
898 2735 1152 2821 obnoxiarum,
1182 2757 1259 2804 cum
1290 2733 1396 2806 modo

195 2847 369 2934 regnante
386 2841 648 2934 Angustissima
659 2838 804 2910 Familia
816 2834 1396 2927 Lotharingico—-llahsburgica,
1509 2870 1516 2886 =
1557 2879 1558 2886 κ

196 2951 232 3014 et
248 2941 314 3036 pe'r
331 2940 429 3014 Hanc
448 2963 526 3014 cum
542 2941 628 3032 Ejus
646 2939 891 3012 haereditariis
919 2936 1064 3028 reliquis
1082 2934 1281 3007 Ditionibus
1313 2955 1396 3006 esse

195 3043 486 3134 indissolubilem,
514 3066 604 3138 quae
624 3052 740 3115 tamon
760 3041 803 3112 de
822 3039 939 3132 Regni
956 3035 1231 3134 independentia
1258 3059 1277 3108 a
1307 3055 1397 3108 eae-

197 3151 284 3223 teris
302 3151 498 3246 provinciis
516 3147 601 3222 nihil
621 3143 783 3217 detrahit.

761 3342 768 3360 .
800 3291 859 3362 79.

624 3291 793 3494 Notat§ar
810 3413 968 3489 Jordan.

301 3546 559 3619 Perennantem
602 3542 743 3618 isthanc
787 3541 1053 3613 Provinciarum
1101 3538 1400 3632 conjunctionem,

198 3648 337 3748 qualem
357 3651 394 3720 in
413 3647 607 3719 continenti
619 3645 830 3740 explicatam
849 3641 929 3712 dedi
949 3639 1168 3733 Scriptorum
1187 3641 1400 3734 complures,

199 3772 289 3847 quos
320 3751 412 3820 inter
436 3747 570 3818 Jordan
600 3745 634 3838 h)
663 3747 797 3818 realem
827 3745 969 3830 dicunt,
999 3742 1163 3840 quoniam
1193 3752 1228 3812 et
1245 3741 1337 3813 idem
1356 3747 1402 3817 sit

91 3937 96 3949 ,
200 3853 264 3925 sub
283 3872 354 3923 uno
384 3847 580 3942 eodemque
608 3857 782 3942 regnante
813 3841 936 3938 Capite
968 3839 1141 3914 stabilitus
1161 3849 1401 3920 successionis

169 3965 171 3970 '
200 3953 309 4042 ordo,
335 3955 537 4044 virtuteque
557 3947 759 4023 sanctionis
778 3946 1042 4044 pragmaticae,
1062 3953 1098 4016 et
1117 3947 1400 4040 simultanee,

200 4197 402 4216 *numana-1⁸⁸¹·

232 4267 258 4325 ⁸)
278 4271 354 4322 1⁷2³.
373 4275 398 4322 ὓ.
417 4269 440 4336 p.
459 4276 500 4325 11.
520 4273 595 4324 ldem
614 4273 737 4336 reperies
757 4271 783 4324 in
803 4271 879 4337 Dipl.
897 4271 990 4337 inaug.
1008 4269 1119 4336 stubaeq.
1137 4272 1251 4337 Regum.
1379 4243 1382 4249 ¹

231 4336 260 4404 l)
277 4336 386 4407 tatone
402 4338 459 4398 tibet
476 4337 623 4410 actaeae
640 4337 822 4408 &taatesttectt
841 4357 870 4410 p.
888 4342 949 4396 203.
969 4347 997 4395 et
1015 4342 1042 4394 in
1060 4340 1181 4395 subnexa
1208 4341 1278 4394 ttots
1298 4355 1324 4408 p.
1340 4341 1402 4396 208.
