3110 4882
590 504 593 510 Ι
675 400 712 487 §.
742 401 826 474 695.

657 547 839 621 Jurz'dz'ca.
862 563 884 650 J

253 698 376 768 Parem
403 699 508 770 etiam
531 693 815 767 Moderatoribus
841 690 1072 768 Comitatuum
1101 701 1136 769 in
1150 697 1347 787 judiciariis

151 802 370 898 provinciam
394 799 496 893 leges
525 801 738 893 imposuere.
775 795 1026 891 Praeterquam
1051 803 1143 871 enim
1171 800 1264 894 quod
1283 821 1348 873 eos

152 925 282 997 reapse
314 901 378 974 Jus
404 941 456 954 -
483 899 577 996 quod
613 899 799 974 adversus
822 921 960 971 omnem
995 901 1113 992 legum
1147 912 1347 973 nostrarum

153 1009 322 1101 spiritum,
350 1012 455 1098 atque
482 1002 699 1075 intellectum
725 1025 838 1098 nuper
866 1002 1044 1074 nonnullis
1073 1004 1108 1074 in
1132 1014 1348 1076 controver-

153 1113 238 1182 siam
256 1128 430 1180 revocare
448 1107 548 1178 libuit
565 1145 617 1158 —-
634 1104 784 1197 Sedibus
805 1100 997 1177 Comitatus
1021 1104 1218 1193 judiciariis
1236 1128 1348 1201 prae-

152 1211 269 1282 sidere
300 1232 346 1280 ex
363 1219 480 1282 mente
508 1211 712 1303 primaevae
741 1210 971 1280 institutionis
999 1205 1140 1278 indubie
1166 1211 1348 1303 respiciat,

150 1316 219 1384 imo
240 1311 283 1382 ad
300 1311 336 1383 id
354 1315 441 1405 ipsis
470 1311 697 1382 collationum
716 1309 866 1400 litteris,
895 1308 985 1380 hanc
1005 1307 1256 1402 obligationem
1276 1333 1345 1382 ex-

149 1416 285 1509 pressis
305 1413 425 1486 verbis
445 1411 716 1507 imponentibuS,
744 1414 813 1484 nisi
835 1411 932 1500 justa
961 1410 1004 1483 de
1025 1431 1131 1482 causa
1149 1413 1349 1507 praepediti

146 1516 399 1588 -districtim
419 1514 682 1606 obstringuntur
713 1513 767 1603 ’),
794 1513 876 1584 illos
895 1515 1091 1606 generatim
1113 1533 1196 1584 cura
1215 1523 1345 1602 manet,

149 1629 186 1690 ut
204 1618 316 1690 relate
337 1616 381 1687 ad
397 1617 478 1688 lites
500 1617 656 1705 cujusvis
676 1616 819 1708 generis
836 1616 973 1706 justitia
994 1613 1123 1704 debite,
1152 1625 1188 1687 et
1206 1619 1243 1686 in
1253 1626 1348 1687 tem-

147 1744 236 1816 pore
257 1720 532 1790 administretur.
563 1716 620 1788 Ad
639 1717 733 1811 quod
754 1715 893 1816 facilius
911 1715 1159 1811 praestandum
1179 1715 1345 1790 Tabellae
1397 1802 1403 1818 ἱ

149 1828 392 1896 universarum
428 1831 498 1891 tam
533 1819 705 1910 civilium,
738 1842 840 1913 quam
878 1818 1107 1890 criminalium
1145 1842 1342 1910 causarum,

147 1948 266 1995 coram
286 1921 459 1994 Comitatu
479 1923 750 2011 decurrentium,
780 1927 998 2017 captivorum
1022 1924 1106 1992 item
1126 1921 1345 1994 condemna-

147 2036 281 2115 torum,
309 2025 371 2098 vel
388 2024 450 2096 lite
469 2021 583 2094 deflua
610 2026 646 2096 in
675 2023 835 2096 custodia
855 2025 1100 2124 existentium,
1130 2028 1346 2100 stetistem-

146 2128 294 2225 poribus
312 2149 436 2200 eorum
453 2126 668 2224 inspectioni
686 2128 869 2202 sistuntur.

671 2332 708 2420 §.
736 2331 822 2407 696.

480 2480 662 2566 Ueasolte,
692 2497 730 2553 et
759 2481 1021 2555 Oeconomico.

249 2653 345 2725 Idem
362 2653 439 2726 fere
462 2652 596 2725 obtinet
614 2653 726 2725 relate
747 2653 789 2724 ad
810 2657 1032 2726 exactionem
1053 2652 1344 2745 Contributionis,

145 2781 212 2831 nec
230 2780 303 2829 uon
321 2756 460 2828 lidelem
480 2777 672 2845 cassanum,
701 2759 880 2851 aerisque,
909 2778 953 2829 eo
971 2761 1195 2853 pertinentis,
1217 2767 1345 2831 custo.-

147 2863 248 2949 diam,
274 2883 320 2932 ne
340 2860 476 2932 scilicet
497 2862 726 2951 erogationes
747 2857 947 2954 superfluae
973 2862 1090 2935 locum
1109 2861 1270 2955 capiant,
1298 2882 1344 2930 ne

145 2959 407 3032 accumulentur
435 2964 648 3048 restantiae,
676 2982 721 3030 ne
750 2961 969 3032 clandestine
1004 2966 1187 3057 quaepiam
1218 2981 1343 3034 cassae

145 3063 347 3155 subrepant,
374 3061 435 3132 vel
453 3065 613 3153 privatae
632 3064 916 3132 ratiocinantium
944 3083 1021 3130 cum
1043 3067 1203 3155 pecuniis
1223 3063 1342 3156 publi-

144 3169 195 3237 cis
226 3164 499 3258 speculationes.
538 3161 595 3232 Ad
627 3161 759 3232 similes
795 3164 898 3255 proin
930 3181 1073 3232 errores
1102 3162 1268 3234 vitandos
1299 3164 1342 3234 de

143 3285 268 3339 cassae
288 3273 400 3352 statu,
429 3265 657 3356 institutaque
685 3285 731 3334 ex
757 3263 951 3357 improviso
978 3266 1195 3354 visitatione,
1223 3262 1342 3344 tabel-

142 3371 236 3442 lares
256 3367 541 3454 informationes,
571 3388 613 3435 ac
640 3367 779 3458 quoties
806 3385 957 3437 necesse
976 3364 1165 3454 videbitur,
1195 3375 1342 3440 extrac-

141 3483 196 3546 tus
217 3467 486 3569 perceptorales
504 3467 723 3542 Moderatori
743 3466 911 3540 exhibere
930 3467 1194 3561 praescribitur.

669 3672 706 3757 §.
736 3673 821 3744 697.

190 3790 310 3919 Atque
337 3823 487 3917 reliqua
513 3821 707 3896 Praesidio·
733 3822 981 3893 consectario
1006 3842 1048 3894 ae
1067 3820 1287 3914 deffendunt.
1329 3793 1330 3798 Ἰ

240 3993 421 4067 Profluunt
439 3994 529 4065 baec
548 3992 684 4086 agenda
711 4003 887 4087 utcunque
907 4015 954 4064 ex
971 3995 1047 4088 ipsa
1066 3992 1337 4082 Moderationis,

136 4099 378 4191 Praesidiique
407 4105 552 4184 natura,
582 4095 872 4190 quemadmodum
904 4098 1007 4166 etiam
1036 4093 1340 4188 Congregationi-

135 4202 200 4273 bus
221 4204 404 4271 terminum
422 4197 644 4292 praeligare,
672 4197 880 4272 Sessionem
904 4196 1086 4288 indicere,
1115 4207 1151 4272 et
1170 4198 1335 4288 solvere,

130 4351 346 4365 ——t-——a——w

153 4414 188 4481 a)
208 4415 269 4470 vid.
289 4417 334 4470 cit.
353 4417 483 4471 instruct.
505 4415 586 4484 supr.
607 4416 708 4472 Gemit.
