3144 4860
213 260 263 334 60

94 491 99 504 .
211 429 381 526 dignitato
409 429 544 519 fuisse,
572 437 696 520 enata,
726 445 843 527 neqm
870 432 1032 524 ignorem
1059 430 1284 529 Anonymum
1303 457 1406 510 com-

208 532 360 630 plurium
384 533 448 608 sub
474 531 620 628 Arpano
650 531 784 606 iecisse
809 534 1013 605 memoriam
1043 533 1096 623 ⁸),
1124 556 1272 629 quorum
1299 539 1407 636 aliqui

212 633 366 724 fuerint,
393 656 466 708 non
496 633 628 707 fuerint
655 633 812 707 baeredii
847 634 948 706 titulo
984 635 1159 726 Ducibus,
1196 638 1256 712 vel
1294 639 1407 741 (lapi-

210 739 326 810 taneis
348 736 479 826 donati,
500 736 559 808 alii
577 736 621 808 ad
646 735 1097 830 gubernandum'duntaxat
1114 743 1297 836 assignati,
1323 746 1407 842 ple-

210 860 401 937 rorumque
429 848 581 911 attamen
608 841 885 927 institutionem,
915 850 1013 912 certe
1040 843 1230 915 rectiorem
1258 851 1407 924 coordi-

209 945 390 1015 nationem
425 944 537 1036 primo
572 942 666 1035 Regi
693 948 817 1014 nostro
848 939 989 1032 deberi,
1031 954 1199 1019 constans
1236 950 1408 1030 docuerat

210 1043 364 1116 traditio.

254 1165 292 1250 *)
314 1167 377 1228 Pro
399 1164 538 1246 exemplo
561 1173 610 1228 est
637 1165 785 1248 Diploma
814 1167 990 1248 percelebre
1023 1169 1220 1236 Monasterio
1249 1176 1282 1239 in
1305 1190 1408 1248 moute

298 1251 478 1315 Pannoniae
509 1254 632 1328 datum,
671 1253 703 1314 in
736 1272 795 1333 quo
829 1254 1021 1331 „volente
1050 1259 1223 1323 -ait-
1247 1263 1409 1332 (lornita

164 1375 165 1378 =
298 1340 488 1419 „quodam
524 1339 811 1418 Sumeghiensi
852 1350 1030 1422 paterna
1063 1364 1119 1408 me
1151 1349 1245 1413 sede
1269 1353 1407 1432 depel-

297 1424 422 1502 ,‚lere“
458 1423 515 1484 Vel
544 1422 675 1485 alterum
716 1424 861 1488 collatum
894 1425 1052 1492 Ecclesiae
1090 1431 1337 1514 Veszprimieusi
1370 1443 1408 1502 de

295 1508 470 1583 A01009„
500 1508 633 1572 innuens
669 1510 835 1586 „Villam
859 1532 967 1576 unam
1001 1516 1040 1578 in
1076 1515 1409 1602 Veszprimiensi

298 1595 521 1671 comitatu,
543 1602 629 1657 tras
653 1596 691 1657 in
713 1597 884 1661 Albensi
907 1601 1122 1694 existere.“

758 1731 795 1816 §.
826 1734 885 1805 52.

516 1861 707 1930 Numeros
737 1859 987 1934 Comatatuom
1015 1863 1114 1940 otta.

315 2003 507 2077 Numerum
525 1981 760 2077 comitatuum
787 2004 965 2079 diversum
991 2033 1057 2106 pro
1083 2025 1264 2112 tempore,
1294 2041 1411 2114 quan.

214 2115 270 2180 tus
298 2105 455 2200 quolibet
481 2127 610 2203 reapse
637 2106 766 2196 fuerit,
805 2108 1002 2202 disquirere
1039 2117 1083 2187 ad
1107 2128 1268 2192 veterem
1294 2121 1411 2216 Regni

214 2207 474 2303 Geograpbiam
503 2210 669 2302 pertinet.
697 2208 890 2282 Variabant
919 2216 1010 2285 enim
1040 2217 1083 2288 ‹le
1110 2217 1179 2290 hoc
1208 2221 1411 2318 Scriptores

211 2309 465 2398 vehementer,
504 2331 583 2379 nam
620 2309 701 2380 Otto
738 2309 978 2404 Frisingensis
1015 2324 1239 2415 septuaginta
1269 2334 1305 2395 et
1332 2348 1412 2397 am-

210 2412 303 2506 plius
333 2408 389 2498 b);
417 2409 617 2482 Ludovicus
647 2410 789 2502 Tubero
820 2415 874 2483 sui
901 2424 1071 2514 temporis
1102 2420 1347 2498 Comentarius
1378 2430 1410 2519 ⁰)

210 2513 323 2603 magis
344 2511 574 2583 determinate
594 2534 672 2582 oum
689 2512 848 2606 Rogerio
880 2511 913 2606 ιι)
934 2526 1157 2618 septuaginta
1177 2525 1267 2601 dnos
1279 2527 1413 2601 habere

211 2613 426 2704 Hungariam
445 2610 651 2707 adscripsit;
680 2614 829 2687 eundem
856 2639 1037 2692 nnmerum
1067 2629 1103 2696 in
1122 2629 1272 2721 quodam
1292 2630 1413 2725 diplo-

210 2721 304 2786 mate
329 2712 439 2785 Belae
469 2707 537 2783 lllii
566 2736 632 2809 per
658 2715 835 2805 Fejerium
860 2721 1005 2814 vulgato
1036 2728 1067 2816 ⁰)
1097 2726 1226 2822 deligit.
1262 2731 1414 2804 l'ardior

110 2851 112 2854 ·
211 2815 266 2886 bis
288 2823 403 2886 aetate
422 2814 642 2888 Verbbonius
661 2815 738 2906 iis,
775 2821 835 2912 qui
862 2823 967 2896 modo
1006 2830 1110 2899 etiam
1136 2835 1306 2922 existunt,
1334 2833 1414 2905 llo-

210 2920 385 3005 viensem‚
404 2914 671 3006 Haraniensem,
703 2917 992 3014 Severinensem
1022 2927 1301 3024 Valkonerisem‚
1328 2935 1415 3031 plu-

210 3038 342 3112 resque
371 3017 530 3110 adjungit
562 3015 604 3109 ¹).
633 3019 706 3091 Alii
729 3021 831 3112 alios,
859 3024 980 3118 plures
998 3035 1188 3123 pauciores
1206 3047 1413 3111 recensent.

213 3118 304 3205 Quid
327 3121 450 3189 mirum
476 3122 606 3213 itaque,
628 3121 667 3191 si
695 3143 763 3192 nec
780 3123 880 3196 Belio
912 3127 959 3216 ⁸),
988 3151 1056 3202 nec
1076 3134 1214 3206 Timoni
1244 3135 1293 3226 ¹¹),
1312 3139 1415 3209 Ben-

212 3223 312 3292 nurio
348 3219 389 3309 ἰ),
418 3221 533 3314 Prayo
564 3219 609 3311 1).
640 3220 797 3295 llollario
833 3224 860 3315 ¹)
898 3225 940 3298 de
964 3227 1030 3303 bac
1053 3256 1094 3305 re
1122 3239 1208 3309 satis
1232 3244 1415 3329 convenit,

214 3329 250 3390 et
266 3340 374 3411 saepe
402 3342 467 3412 pro
485 3324 588 3411 regni
610 3319 838 3398 Comitatibus
858 3329 1010 3405 ditiones
1034 3337 1150 3426 etiam,
1171 3329 1416 3436 terrarumque
1493 3327 1496 3332 ¹

212 3428 346 3491 tractus
365 3420 538 3509 ejusmodi
559 3443 578 3492 a
598 3425 776 3496 nonnullis
803 3445 1055 3525 proponantur,
1086 3459 1173 3531 quos
1200 3442 1261 3512 vel
1290 3443 1416 3539 Arpa-

143 3552 147 3558 ·
214 3522 279 3594 dus
299 3519 423 3611 adhuc,
452 3529 488 3592 et
514 3522 773 3621 subsequentes
791 3528 909 3606 Duces
939 3533 1062 3610 Gentis
1088 3539 1301 3618 Primoribus
1322 3566 1416 3639 pos-

206 3667 427 3682 m

242 3709 270 3774 Ι)
289 3715 449 3775 Anonymoa
468 3713 497 3764 C.
517 3717 559 3768 ts.
579 3718 623 3768 15.
642 3718 685 3769 18.
704 3723 732 3772 at
749 3717 793 3771 st.

241 3780 270 3842 l²)
289 3781 361 3830 litat
381 3781 454 3832 salo.
474 3783 541 3846 lmp.
559 3785 589 3833 la.
607 3787 631 3837 1.
652 3785 682 3836 C.
702 3789 746 3841 31.
765 3802 791 3852 p·
810 3788 870 3841 2111.

241 3849 267 3982 23
287 3845 493 3970 b‘isffloffbl.
514 3915 588 3970 crau.
606 3919 683 3973 ran.
702 3921 733 3972 c.
751 3921 793 3974 ιο.

245 3983 270 4048 ⁶)
290 3986 355 4036 cod.
374 3985 446 4049 otpt
463 3986 494 4035 Τ.
514 3984 539 4036 3.
559 4000 584 4049 p.
601 3988 664 4039 217.

242 4049 269 4116 s)
291 4053 369 4107 (tout
388 4053 468 4119 corp.
487 4054 548 4106 our.
566 4055 596 4106 P.
613 4057 638 4108 8.
657 4057 751 4110 eduen
771 4057 873 4122 Syllab.
891 4061 987 4118 comit.

241 4120 270 4181 s)
289 4123 350 4174 Not.
369 4125 454 4185 flung
478 4135 577 4174 novae.

239 4190 270 4244 ¹²)
289 4192 372 4254 lmag.
390 4192 481 4256 Hong.
501 4205 598 4243 novae.

242 4257 271 4317 i)
290 4260 321 4308 ln
338 4261 401 4310 Not.
420 4261 454 4309 ed
475 4259 576 4310 certet.
594 4263 664 4325 Aug.
683 4265 767 4320 Beck.
784 4269 843 4321 lua.
862 4272 924 4337 pub.
942 4275 1033 4340 flung.

242 4322 272 4383 ι1)
292 4327 355 4376 Not.
372 4341 467 4391 praev.
485 4330 518 4378 ed
537 4330 608 4383 utet
628 4332 717 4399 flung.

243 4391 271 4460 1)
291 4393 322 4444 lo
339 4395 453 4467 Anauon,
469 4397 541 4456 utet.
560 4404 588 4455 ct
605 4403 665 4458 tur.
684 4403 758 4466 publ.

1564 269 1571 368 l
