3144 4860
1315 191 1386 268 111

278 351 364 433 ripas
386 355 515 414 nostros
537 358 738 418 memoratam
760 353 927 421 Matrem
949 352 1192 436 Reginorum
1214 355 1390 421 anctori-

278 445 416 512 tatem,
439 447 553 520 atque
577 459 828 519 eonsensum,
852 442 1035 523 persuaderi
1050 440 1229 506 nullatenus
1248 462 1389 525 possunt.

275 525 359 587 Novi
390 525 625 607 Sigismundum
663 529 757 590 certis
788 529 825 589 de
854 527 987 589 Litteris
1018 528 1215 608 praedicare:
1255 529 1390 607 „Quod

276 611 425 692 „Regni
458 610 701 694 Hungariaa
734 620 850 676 tutor
889 613 1130 691 existendo,
1165 616 1390 678 exereitum

277 697 507 775 „eduxerit“
530 707 561 760 at
583 717 640 780 ago
663 698 751 762 illum
773 700 831 762 boc
850 700 1005 780 imprimis
1028 702 1097 764 loeo
1112 699 1274 779 viraliud,
1298 720 1389 782 quam

276 783 367 866 regni
388 783 601 846 defensionem
631 786 756 848 nomine
786 785 899 848 tutelae
927 784 1118 849 intellexisse
1141 785 1302 864 existimo,
1325 805 1389 868 po-

275 877 435 950 steaquam
449 868 605 934 Ludovioi
618 869 642 935 1.
658 871 792 934 Viduam
808 891 865 955 pro
882 871 947 933 filia
966 872 1139 953 imperasse
1155 872 1187 934 in
1201 879 1308 952 aperto
1330 879 1389 937 est.

348 1084 416 1155 Aet
440 1083 608 1156 Mettica
633 1087 662 1156 I.
691 984 868 1178 tfmplolb·
887 1085 1064 1158 Palatino
1092 1085 1230 1159 delata.

292 1203 451 1280 Consilio
480 1212 592 1300 magis
624 1211 691 1282 ista
725 1210 766 1280 ab
797 1211 970 1300 adjunctis
999 1213 1037 1282 in
1074 1233 1183 1282 arena
1213 1211 1387 1300 desumto,

188 1331 290 1405 qnam
315 1311 407 1401 legis
438 1312 658 1404 praescripto
679 1311 915 1401 obtinuerunt,
943 1336 1014 1384 non
1040 1316 1132 1384 anim
1157 1333 1270 1407 usquo
1292 1313 1388 1386 Ocr-

187 1415 262 1486 vini
294 1422 474 1505 tempora,
503 1411 566 1482 sub
596 1434 665 1504 quo
695 1423 841 1484 eatenus
873 1414 1039 1484 disertam
1068 1413 1185 1505 legem
1214 1414 1388 1492 conditam

189 1516 364 1587 cernimus
382 1510 436 1602 ⁴⁵),
482 1512 586 1605 Regii
619 1513 762 1587 Tutoris
781 1535 904 1586 munus
925 1515 1118 1587 Palatinum
1142 1517 1203 1587 vel
1227 1538 1273 1586 ex
1288 1536 1387 1587 more

187 1619 357 1711 respexit.
393 1613 560 1708 Hancque
592 1617 703 1708 ipsam
731 1616 849 1707 legem
877 1615 1073 1688 admonitus
1097 1619 1154 1704 iis,
1182 1638 1272 1710 quaa
1292 1619 1387 1688 ciroa

187 1720 331 1790 tutelam
367 1711 537 1788 ludovici
561 1715 603 1785 ll.
633 1720 734 1790 annis
765 1717 842 1788 fero
864 1720 1006 1810 triginta
1027 1717 1159 1790 tardius
1178 1719 1388 1794 intervene-

187 1831 280 1910 runt,
307 1828 483 1911 uteunque
505 1815 665 1906 inducor,
692 1829 730 1890 ιιι
762 1819 903 1890 credam
933 1843 977 1890 eo
1010 1837 1139 1906 serrsu,
1166 1821 1331 1914 illumque
1351 1823 1387 1889 in

190 1943 310 1992 casum
329 1919 442 1989 luisse
465 1921 701 2007 constitutam,
729 1921 759 1990 si
781 1921 896 1990 nullus
917 1920 1006 1990 alter
1024 1943 1092 1990 nec
1109 1921 1300 2011 legitimus
1320 1943 1388 1993 nec

187 2029 399 2094 testamento
423 2018 697 2104 Antecessoris,
732 2039 801 2087 nec
829 2029 981 2112 utroque
1015 2022 1084 2090 isto
1117 2019 1316 2112 deficiente,
1345 2019 1386 2092 ab

190 2119 379 2192 Ordinibus
404 2117 521 2209 Regni
552 2118 663 2188 Tutor
685 2121 869 2212 speciatim
892 2121 1090 2191 nominatus
1113 2131 1283 2193 exstaret.

130 2253 134 2262 '
230 2243 270 2326 l)
294 2243 346 2305 ste
362 2241 443 2303 enim
466 2240 557 2302 habet
580 2241 732 2303 articulus
755 2241 785 2306 2.
803 2242 885 2305 iuter
907 2261 972 2319 eos,
996 2242 1049 2322 qui
1072 2243 1108 2304 de
1124 2241 1237 2305 Oll’ioio
1253 2241 1388 2305 Palatini

273 2325 426 2392 A01485.
449 2327 647 2406 pronuntiati
670 2334 744 2388 sunt
772 2329 823 2404 „si
847 2329 1001 2410 quispiam
1024 2323 1144 2411 Regum
1172 2329 1334 2391 beet-edem
1356 2329 1389 2392 in

272 2423 402 2493 „tenera
424 2420 523 2474 aetate
545 2412 748 2476 constitutum
771 2414 951 2494 reliquerit,
973 2413 1188 2478 Palatinus
1210 2433 1252 2478 ex
1274 2413 1393 2485 ,Olli-¹

265 2502 358 2579 „,oio
381 2507 564 2572 tonatur,
595 2507 633 2561 et
660 2498 780 2562 debet
801 2500 937 2580 illum,
967 2511 1165 2581 tamquam
1194 2501 1326 2564 Tutor
1346 2499 1388 2561 in
1432 2573 1435 2578 Ι

274 2584 466 2666 „Regnis,
490 2590 527 2644 et
543 2581 752 2648 Dominiis
774 2589 964 2664 paternis
989 2605 1231 2650 conservare
1253 2593 1284 2647 et
1306 2582 1387 2647 dde-

273 2670 369 2750 „litor
392 2670 591 2734 defendere.“
999 2669 1001 2678 '

478 2861 524 2934 In
551 2879 659 2932 usum
684 2860 865 2932 torrenta
891 2879 970 2931 teon
995 2864 1102 2931 oepit.

293 2985 416 3060 Monet
435 3006 490 3056 me
512 2982 612 3056 adid
635 2979 847 3055 credendum
871 2986 1040 3080 imprimis
1060 2981 1229 3058 Uladislai
1253 2980 1296 3054 ΙΙ.
1318 2985 1387 3056 Di-

79 3081 81 3093 '
154 3085 157 3090 ’
191 3095 320 3187 ploma,
349 3107 417 3181 quo
441 3085 520 3158 dum
542 3085 648 3158 filium
670 3105 769 3158 suum
791 3107 831 3158 se
852 3088 951 3174 vivo,
979 3097 1015 3157 et
1033 3084 1225 3157 accedente
1246 3084 1387 3178 Regni-

194 3192 350 3264 colarum
370 3183 530 3260 'assensu
558 3187 722 3258 coronari
750 3188 875 3275 voluit,
902 3188 1095 3281 praeterita
1125 3189 1219 3256 omni
1239 3185 1388 3256 Palatini

192 3295 394 3377 mentione,
421 3288 507 3360 illud
536 3287 704 3360 duntaxat
733 3286 968 3381 pollicebatur
998 3285 1116 3382 „quod
1145 3307 1211 3359 nos
1238 3286 1388 3358 eundem

194 3391 494 3489 „illustrissimum
513 3388 638 3494 lfilium
656 3387 836 3480 Nostrum,
863 3400 902 3463 ut
918 3393 1150 3484 praemissum
1170 3398 1237 3478 est,
1263 3410 1333 3461 nec
1351 3391 1387 3460 in

194 3499 314 3592 „vita,
350 3515 418 3564 neo
447 3493 483 3562 in
509 3500 622 3561 morte
660 3497 783 3560 nostra
812 3493 1079 3583 praenominato
1114 3491 1264 3560 Domino
1294 3489 1388 3581 Regi
1452 3562 1458 3568 ,

193 3597 467 3694 ,Romanorum
495 3591 560 3664 sed
581 3588 696 3688 neque
726 3593 921 3684 cuicunque
943 3591 1045 3661 altori
1071 3589 1224 3683 Principi
1250 3587 1388 3662 lorensi

194 3701 263 3794 „ad
284 3694 513 3783 educandum,
540 3694 600 3766 vel
619 3689 820 3781 tenendum,
848 3713 913 3765 seu
932 3688 1194 3785 gubernandum
1219 3689 1388 3781 dabimus,

195 3802 285 3895 ,aad
310 3799 467 3872 Eundem
496 3794 587 3892 apud
619 3814 742 3870 manus
780 3794 1009 3866 Dominorum
1046 3794 1307 3884 Praelatorum,
1346 3815 1389 3864 ac

195 3904 406 3996 ,Beronum
434 3909 470 3970 et
490 3901 692 3987 Procerum,
720 3907 824 3992 atque
844 3895 1033 3986 Nobilium,
1058 3905 1094 3968 ιι
1113 3899 1150 3967 iu
1174 3893 1244 3968 hoo
1260 3893 1386 3987 Regno

194 3995 663 4098 „Hungariae'dimittemus
691 4008 726 4069 et
745 4001 996 4095 relinquemus,
1024 4009 1061 4072 ιι
1079 3997 1123 4071 de
1146 3997 1273 4072 eodem
1291 3996 1387 4079 nullo

191 4118 296 4202 pacto
318 4105 483 4194 educere,
510 4105 572 4177 vel
592 4103 693 4175 educi
715 4100 836 4174 iacere
859 4101 1046 4176 volumus“
1079 4103 1124 4192 ²).

184 4229 400 4242 -υι--ι--ι-Ι-

176 4313 178 4318 .
221 4276 247 4342 ·)
266 4277 328 4341 mp.
346 4278 390 4328 ist.
411 4275 472 4342 lege
494 4290 542 4340 per
557 4281 612 4330 ext.
628 4288 662 4330 ex
679 4275 793 4330 Archiv.
808 4277 878 4343 Rep.
899 4277 990 4330 creat
1005 4275 1096 4330 omer.
1122 4285 1165 4339 ep.
1183 4271 1342 4329 Koraobtcb
1358 4272 1386 4327 ln

258 4346 338 4400 vest.
355 4347 431 4400 Gom.
446 4358 472 4414 p.
487 4343 548 4400 lod.
