3138 4858
172 205 221 278 30

172 371 381 449 inconsultis
409 367 506 444 Viris
531 367 648 459 Regni
687 365 926 462 primoribus,
965 389 1013 441 ex
1047 387 1112 442 suo
1142 361 1367 438 nihilominus

118 551 121 557 ,
172 478 335 569 praecise
364 469 508 544 arbitrio
536 489 689 561 rogasse
709 467 927 541 contendunt
957 467 1001 559 ⁸).
1030 471 1099 543 Ast
1122 465 1369 552 Historiarum,

172 576 338 669 turisque
366 573 551 645 domestici
579 569 699 644 fontes
727 582 933 666 perpetuam
959 572 1235 666 Regnicolerum
1260 570 1297 639 in
1315 564 1370 637 his

174 677 333 754 ferendis
352 676 657 770 participationem
675 694 753 744 cum
772 671 1023 766 fundamento,
1052 698 1093 746 eo
1114 677 1200 746 citra
1219 671 1369 766 partium

176 779 325 852 studium
350 782 387 849 in
414 774 554 847 dubium
580 796 755 848 revocare
791 797 864 848 non
894 779 1022 850 sinunt.
1065 770 1370 872 Deprehendimns
1426 849 1428 852 ,

174 881 288 969 illam,
317 881 348 950 si
375 879 600 973 Anonymum
625 876 788 948 audimus
800 874 867 969 ⁴⁵),
897 877 1125 952 Monarchiee
1151 876 1259 950 initiis
1279 892 1371 943 con-

175 991 461 1075 temporaneam
506 977 599 1050 idem
635 976 815 1074 Stephano
852 989 1026 1074 regnante
1062 979 1280 1064 obtinuisse,
1325 994 1373 1046 ex

174 1080 343 1155 llartvico
374 1083 463 1173 (98)
497 1080 735 1172 intelligimus.
782 1080 899 1174 Leges
937 1093 1054 1155 eutem
1089 1080 1370 1166 vetustissimae,

178 1206 282 1278 qnae,
303 1181 473 1256 ordiendo
494 1204 514 1253 a
533 1180 749 1276 temporibus
773 1180 997 1278 Stephaneis,
1018 1184 1062 1257 ed
1080 1194 1237 1258 nostram
1256 1198 1371 1271 usque

102 1320 104 1324 ·
177 1307 296 1358 aeram
312 1305 538 1381 pervenere,
566 1282 635 1356 hoc
652 1285 766 1378 ipsum
785 1283 1002 1358 confirment.

219 1403 258 1491 ³⁸³)
280 1403 410 1470 Praetor
431 1406 532 1470 locum
555 1406 615 1468 huc
632 1405 806 1483 facientem,
829 1425 918 1488 quem
936 1408 1001 1472 iere
1016 1411 1055 1472 ed
1072 1409 1251 1492 ingressum
1268 1406 1372 1488 operis

264 1491 552 1573 adscripserant),
574 1491 655 1554 eddo
677 1493 709 1554 in
731 1493 861 1572 probem
884 1494 1061 1558 uberiorem
1083 1494 1271 1558 assertionis
1288 1511 1374 1556 meae

261 1579 410 1642 Auctoris
441 1576 582 1662 ejusdem
616 1577 747 1640 alterum
784 1577 816 1640 in
847 1580 953 1641 verbis
988 1581 1269 1663 subsequentibuss
1302 1579 1375 1642 Dux

261 1663 354 1728 Zulte
376 1682 445 1726 cum
468 1670 552 1725 esset
581 1662 727 1724 tredecim
756 1681 927 1742 annorum,
963 1684 1069 1731 omnes
1098 1668 1258 1741 Primetes¹
1274 1665 1375 1746 Regni
1489 1722 1493 1728 .

266 1749 316 1811 sni
339 1748 494 1812 communi
516 1747 670 1822 consilio,
704 1756 734 1810 et
756 1751 825 1828 peri
854 1751 1014 1816 voluntate
1046 1755 1195 1835 quosdam
1225 1753 1374 1814 Rectoree

265 1834 366 1915 Regni
388 1833 447 1896 sub
468 1833 558 1896 Duce
583 1833 816 1913 praelucerent,
851 1837 904 1916 qui
934 1841 1144 1903 moderamine
1172 1839 1263 1901 duris
1296 1856 1376 1900 con-

264 1920 439 1984 svetudinis
462 1918 680 1984 dissidentium
703 1919 786 2000 lites,
808 1924 1082 2008 contentionesque
1095 1926 1236 2008 sopirent
1252 1924 1296 2008 θ).
1319 1931 1393 2014 οῑο.ι

695 2112 731 2199 §.
759 2111 845 2186 367.

523 2261 575 2332 Et
600 2265 846 2349 coopereceec
865 2267 1019 2352 seriose.

281 2405 372 2479 Num
391 2405 484 2478 enim
501 2402 546 2474 ed
563 2424 628 2492 ee,
657 2424 747 2496 quae
774 2403 875 2478 divus
895 2404 1094 2503 Stephanus
1121 2407 1376 2482 secundum

180 2509 440 2582 Decretum
465 2503 667 2597 Regalis
694 2502 900 2580 Senatus,
931 2549 983 2562 -
1010 2509 1201 2583 secundum
1228 2510 1377 2603 Rega-

180 2611 246 2681 lis
282 2609 528 2680 Decretum
556 2600 767 2677 concilii
803 2646 856 2662 —
895 2609 1094 2686 Suornm
1129 2613 1378 2684 Primatum

113 2798 116 2804 ¹
184 2720 422 2782 conventu
447 2746 498 2758 -
523 2708 570 2777 in
606 2707 756 2800 Regio
792 2708 1005 2788 Concilio
1040 2755 1092 2766 -
1128 2716 1378 2784 communis

183 2806 401 2883 Conciiii
437 2806 733 2880 delinitione
777 2817 910 2885 sancite
946 2813 1136 2888 identidem
1183 2814 1295 2883 induit
1325 2809 1375 2900 ¹¹),

181 2910 242 2984 vcl
271 2933 360 3006 quae
389 2909 452 2983 sub
481 2907 517 2983 S.
543 2908 706 2982 Ladislao
734 2931 886 2989 omnes
923 2916 1073 3010 Regni
1098 2913 1376 2988 Pannoniae

185 3011 442 3108 Optimetes
471 3032 520 3084 se
548 3012 945 3108 constituissc,se
965 3018 1249 3092 decrevisse
1269 3033 1376 3087 asse-

140 3169 144 3176 .
184 3123 310 3187 verant
340 3114 391 3205 ⁶),
419 3122 477 3185 aut
495 3134 585 3208 quae
605 3113 668 3186 sub
688 3109 907 3191 Colomenno
934 3120 1036 3214 Rege
1063 3142 1145 3216 pro
1173 3117 1377 3194 Senato-

183 3217 276 3289 riis
302 3217 456 3288 totius
482 3215 636 3307 Regni
662 3216 891 3292 Decretis
929 3222 1209 3314 mulgebantur,
1238 3239 1376 3315 quaeve

185 3315 328 3409 Regi,
366 3326 414 3387 et
453 3321 681 3388 communi
720 3315 942 3393 Concilio
977 3323 1207 3417 placuere
1246 3319 1300 3412 ¹),
1338 3317 1381 3390 ad

186 3413 275 3487 haec
284 3455 335 3470 -
344 3418 484 3510 inquam
493 3456 544 3468 —
558 3421 673 3488 omnia
684 3417 808 3514 Populi
817 3421 995 3495 Primores
1007 3422 1239 3496 consultando
1253 3420 1379 3509 solum,

186 3539 258 3590 non
278 3521 381 3592 etiam
400 3517 594 3591 decidendo
614 3521 880 3612 intervenisse,
908 3527 967 3618 qui
994 3526 1155 3611 Patriae,
1182 3527 1250 3594 imo
1270 3522 1378 3590 totius

188 3617 353 3717 Europae
371 3619 572 3709 Annalium,
584 3623 816 3720 veritatisque
837 3623 988 3696 studium
1006 3626 1138 3715 colunt,
1155 3642 1381 3717 propugnare
1438 3636 1443 3646 ’

185 3740 392 3751 -u———-—.

218 3784 1382 3925 tssmmmfflmmhafflmmmmffmmmmbfflssm

267 3869 291 3920 p.
311 3855 363 3976 lul
391 3855 598 3906 tiusatermenn
625 3853 779 3922 tietbittuog
803 3858 842 3912 oet
864 3857 1008 3926 ditrictae
1029 3861 1070 3913 bet
1099 3857 1201 3928 conte.
1229 3860 1290 3928 tine.
1314 3862 1344 3913 P.
1361 3862 1383 3912 1.

266 3939 292 3990 p.
365 3959 372 3976 .

216 4005 245 4073 ¹⁵)
263 4010 305 4060 iix
319 4007 562 4074 mitescentem.
581 4005 611 4056 ὓ.
626 4001 670 4057 io.

217 4093 246 4240 ll
264 4095 381 4231 geilan.
401 4180 427 4231 a.
448 4176 478 4229 c.
495 4172 538 4226 m.
558 4171 601 4223 ts.
618 4169 662 4221 ee.
680 4169 724 4221 er.
742 4169 787 4221 se.
806 4167 849 4222 ss.

219 4260 243 4322 ο)
261 4265 328 4316 Dee.
345 4265 376 4319 le.
395 4265 422 4317 2.
441 4261 470 4314 0.
490 4263 514 4312 1.
534 4263 562 4310 et
579 4257 609 4307 le.
628 4256 651 4308 ³.
671 4255 701 4307 0.
720 4257 744 4308 1.

219 4340 251 4408 ἲ)
268 4351 334 4402 Dec.
350 4348 380 4401 ia.
397 4352 423 4406 i.
440 4347 470 4403 0.
489 4349 516 4402 t.
