3142 4862
1309 221 1368 292 41.
1425 219 1428 224 ’

248 377 322 458 „via
348 376 507 444 fidelitatis
525 378 726 460 divertendo,
755 380 977 460 rebellaverat,
998 391 1029 447 et
1048 382 1202 464 permulta
1215 390 1375 466 tempora.

248 465 303 543 „in
315 465 484 530 rebellione
500 475 725 546 permanserat,
747 469 854 532 audita
867 469 1005 550 pietatis,
1027 488 1063 531 ae
1081 470 1173 533 etiam
1192 473 1357 549 potestatis
1458 485 1461 492 '

248 550 424 628 „Ludovici
446 551 542 634 Regis
561 551 661 628 fama,
683 555 722 616 ad
749 555 853 634 ipsum
876 554 1084 636 personaliter
1107 554 1253 633 veniens,
1275 558 1358 620 eirea

249 635 404 714 ,posnan
429 636 570 716 ipsarum
584 639 719 718 partium
741 643 788 702 ad
811 643 934 721 pedes
957 641 1092 720 regiae
1113 639 1355 723 Majestatis

250 722 509 800 „humotenus
542 733 801 804 prostratus,
834 735 870 789 et
900 730 946 790 ad
980 727 1281 806 obedientiam,
1311 746 1355 790 ac

249 807 515 886 „fidelitatem
536 812 712 876 debitam
734 814 946 890 reduetus,
975 811 1169 876 solennia
1190 832 1356 878 munera

249 896 409 975 „renia,
438 903 475 960 et
504 896 691 962 clenodia
717 903 985 978 praestando,
1018 905 1055 963 et
1077 918 1190 962 suum
1219 900 1356 962 Domi-

249 1001 374 1058 „num,
407 999 449 1044 ae
479 992 653 1048 sanctam
683 983 878 1049 Coronam
906 985 1263 1069 recognoscendo,
1288 1004 1358 1048 cum

247 1069 400 1150 „gaudio,
431 1076 461 1131 et
479 1066 598 1132 laetitia
623 1073 662 1133 ad
685 1072 817 1153 propria
840 1072 1007 1150 remeavit,
1038 1079 1074 1136 et
1095 1071 1140 1134 ab
1162 1067 1240 1136 illo
1262 1078 1359 1135 tem-

249 1173 367 1234 „pore
390 1153 642 1222 fidelitatem
664 1157 963 1224 conservavit‘'‘

532 1419 643 1505 Quod
665 1293 985 1511 ullra2222robamr.

265 1533 417 1610 Inficiari
442 1536 581 1632 quidem
611 1538 745 1632 nequit,
772 1547 854 1631 post
884 1535 1014 1608 obitum
1040 1535 1173 1609 Mariae
1202 1536 1267 1608 ΙΨ
1292 1559 1358 1634 per

164 1639 360 1736 Hedvigem
380 1641 457 1732 ejus
480 1661 642 1713 sororem
657 1637 825 1712 Poloniae
844 1637 1029 1734 Reginam,
1063 1661 1153 1736 quae
1170 1650 1359 1738 praetextu

164 1753 332 1838 paternae
355 1745 574 1815 sucessionis
600 1745 704 1815 armis
723 1739 936 1837 Hungariam
962 1743 1134 1836 impetere
1163 1743 1361 1815 meditaba-

165 1856 233 1934 tur,
260 1843 411 1916 Vladum
430 1843 644 1932 Moldaviae,
664 1853 700 1914 et
721 1842 955 1916 Bessarabioe
975 1844 1186 1934 Vajvodom,
1206 1867 1226 1916 a
1246 1845 1361 1916 olien-

166 1946 237 2018 telu
255 1943 468 2036 sigismundi
494 1943 705 2013 abstractum
733 1941 860 2030 fuisse,
889 1944 953 2015 sed
979 1947 1208 2039 interruptum
1229 1967 1360 2042 supre-

166 2067 244 2116 mae
260 2045 447 2138 potestatis
475 2044 682 2113 exercitium
697 2043 886 2136 paulopost
904 2041 946 2112 ab
965 2041 1150 2137 Hunyadio
1173 2045 1360 2120 Guberna-

165 2156 245 2218 tore
268 2151 471 2232 resumtum,
491 2141 623 2220 Gnatus
647 2143 724 2234 ejus
752 2141 902 2215 Mathias
928 2141 1074 2238 amplius
1099 2143 1210 2215 adhuc
1233 2167 1362 2218 corro-

163 2246 322 2320 borando
339 2244 446 2340 plene
462 2247 616 2318 restituit
628 2240 668 2334 ἢ
697 2253 856 2341 tempore
879 2245 940 2317 illo
960 2247 996 2318 in
1021 2267 1250 2340 permagnum
1277 2269 1363 2320 sane

164 2349 286 2420 harum
298 2349 455 2443 ¹partium
478 2347 649 2419 adversus
670 2348 929 2419 increscentem
946 2350 983 2420 in
997 2347 1072 2419 dies
1083 2347 1363 2422 Muhamedano-

165 2473 241 2522 rum
269 2452 462 2546 potentiam
490 2458 655 2536 tutamen,
692 2457 796 2543 atque
828 2449 1052 2543 praesidium.
1106 2448 1188 2545 lpse
1214 2452 1363 2526 Vladis-

165 2551 241 2624 laus
267 2550 327 2640 11,
352 2550 596 2644 iogellonicae
614 2550 698 2620 licet
717 2552 877 2643 originis,
895 2550 980 2622 Jura
1005 2549 1206 2644 Hunguriae
1234 2555 1271 2624 in
1298 2553 1362 2626 has

165 2655 369 2748 provincias
389 2661 592 2725 constanter
615 2660 827 2740 sustentare,
844 2674 1142 2747 propugnareque
1160 2655 1275 2726 nullus
1302 2658 1362 2727 in-

166 2757 326 2827 termisit.
351 2756 451 2826 Patet
467 2754 503 2825 id
520 2756 719 2848 cumprimis
739 2775 785 2824 ex
813 2755 1068 2842 instructione3
1097 2775 1199 2850 quam
1226 2755 1360 2850 Legato
1416 2771 1419 2778 '
1453 2803 1454 2808 =

173 2877 249 2946 suo,
268 2856 311 2927 ad
328 2857 519 2927 'lurcorum
537 2853 790 2949 Imperatorem
806 2855 854 2926 A⁰
887 2856 983 2929 1496
1012 2856 1169 2947 dimisso,
1191 2857 1361 2951 elargitus

173 2967 228 3031 est
258 2959 303 3048 ⁸),
322 2980 389 3029 nec
406 2980 479 3030 non
492 2979 538 3029 ex
554 2957 623 3028 illis
644 2958 891 3046 monumentis,
916 2979 1007 3050 quae
1032 2957 1068 3030 in
1097 2957 1203 3031 Ederi
1232 2958 1361 3031 obser·
1455 2983 1458 2988 ’

167 3059 368 3132 vationibus
405 3059 449 3132 ad
468 3059 665 3132 Felmerum
695 3056 728 3149 ¹³)
748 3061 972 3130 continentur
991 3056 1067 3149 il).
1105 3059 1206 3132 Unde
1218 3061 1361 3150 jurium,

171 3160 214 3234 de
234 3162 357 3256 quibus
374 3184 456 3256 ago,
469 3162 647 3236 evidentia
659 3159 703 3232 ad
722 3159 1359 3235 oculum-utdicunt-evictaest.

208 3283 247 3367 a)
269 3283 354 3345 Inter
377 3282 497 3361 reliquo
521 3282 710 3346 luculentum
737 3281 807 3366 ejus
830 3283 877 3345 rei
896 3282 1111 3346 testimonium
1138 3283 1285 3364 praebent
1308 3284 1362 3345 Imo

250 3368 372 3430 litterae
391 3366 528 3428 Mathiae
554 3365 647 3431 1468.
671 3371 710 3428 ad
731 3368 886 3453 Polonos,
909 3369 970 3430 Jus
993 3389 1009 3430 e
1033 3369 1232 3432 conniventia
1250 3370 1360 3452 Sigis-

255 3453 362 3516 mundi
390 3471 485 3544 porro
511 3453 543 3513 in
574 3452 649 3512 haee
676 3453 784 3534 Regna
813 3457 1069 3530 praetendentes,
1102 3456 1238 3516 directae
1268 3457 1360 3532 „Duo

251 3547 346 3619 „sunt
368 3571 409 3584 -
428 3539 472 3600 ait
486 3536 520 3599 in
543 3536 616 3598 istis
634 3535 699 3597 Rex
722 3567 762 3582 -
787 3553 865 3614 quae
890 3537 981 3596 nobis
1007 3555 1065 3612 per
1090 3536 1211 3598 litteras
1237 3547 1361 3600 vestras

250 3625 450 3704 ,‚imputatis,
471 3621 666 3685 invasionem
688 3618 879 3698 Moldaviae,
902 3628 1057 3700 tamquam
1075 3622 1113 3681 ad
1131 3622 1272 3701 Regnum
1291 3623 1360 3684 Ve-

250 3719 370 3789 „strum
397 3709 581 3789 pertinentis
614 3715 717 3770 terrae
739 3739 781 3752 -
806 3739 846 3752 -
873 3739 913 3750 -
935 3707 1101 3768 Terram
1126 3726 1220 3769 vero
1243 3705 1360 3770 illam

251 3796 412 3875 „Nostri
436 3794 546 3878 juris
578 3811 685 3870 esso,
715 3791 1051 3872 antiquissimus,
1080 3801 1115 3854 et
1142 3792 1358 3856 continua-

251 3882 470 3958 „tissimus
512 3881 891 3960 praedeeessorum
926 3879 1177 3940 Nostrorum
1211 3879 1356 3959 Regum

250 3965 501 4048 „Hungariae
524 3965 672 4028 titulus
694 3964 894 4040 declarat,
925 3982 1001 4025 non
1026 3964 1184 4043 quidem
1205 3964 1360 4044 inanis,

250 4053 339 4129 „sed
369 4052 633 4131 possessione
665 4067 862 4130 nunquam
895 4048 1137 4130 interrupta
1165 4049 1357 4119 munitus.

250 4137 366 4215 „Nam
389 4170 426 4180 —
462 4143 502 4198 ut
532 4135 763 4200 vetustiora
795 4153 899 4198 nunc
929 4135 1162 4198 omittamus
1192 4166 1234 4181 -·
1263 4143 1361 4216 post

64 4341 67 4346 .
192 4286 219 4352 ⁸)
238 4290 316 4353 Pray.
334 4287 431 4343 Annal.
449 4293 479 4345 P.
497 4289 522 4348 l.
542 4308 567 4360 p.
584 4285 644 4348 274.
667 4299 695 4348 et
705 4294 812 4347 lintona
830 4294 880 4360 (ip.
900 4293 946 4347 cit.
964 4292 995 4348 Τ.
1015 4293 1055 4348 17.
1072 4305 1098 4359 p-
1117 4291 1159 4346 39.

189 4358 222 4424 b)
241 4361 306 4428 Peg.
323 4359 482 4417 ttae-188.
769 4388 772 4393 ·
