<?xml version="1.0" encoding="UTF-8"?>
<!DOCTYPE html PUBLIC "-//W3C//DTD XHTML 1.0 Transitional//EN"
    "http://www.w3.org/TR/xhtml1/DTD/xhtml1-transitional.dtd">
<html xmlns="http://www.w3.org/1999/xhtml" xml:lang="en" lang="en">
 <head>
  <title>
</title>
<meta http-equiv="Content-Type" content="text/html;charset=utf-8" />
  <meta name='ocr-system' content='tesseract 3.04.00' />
  <meta name='ocr-capabilities' content='ocr_page ocr_carea ocr_par ocr_line ocrx_word'/>
</head>
<body>
  <div class='ocr_page' id='page_1' title='image "./conspectusjuris00czirgoog_0219.png"; bbox 0 0 3158 4864; ppageno 0'>
   <div class='ocr_carea' id='block_1_1' title="bbox 1307 237 1378 312">
    <p class='ocr_par' dir='ltr' id='par_1_1' title="bbox 1307 237 1378 312">
     <span class='ocr_line' id='line_1_1' title="bbox 1307 237 1378 312; baseline 0.042 -3"><span class='ocrx_word' id='word_1_1' title='bbox 1307 237 1378 312; x_wconf 89' lang='grc'><strong>169</strong></span> 
     </span>
    </p>
   </div>
   <div class='ocr_carea' id='block_1_2' title="bbox 97 401 1415 2437">
    <p class='ocr_par' dir='ltr' id='par_1_2' title="bbox 97 401 1415 2437">
     <span class='ocr_line' id='line_1_2' title="bbox 181 401 1378 501; baseline -0.003 -21"><span class='ocrx_word' id='word_1_2' title='bbox 181 408 384 501; x_wconf 86' lang='lat' dir='ltr'><strong>Regiae,</strong></span> <span class='ocrx_word' id='word_1_3' title='bbox 413 406 517 480; x_wconf 87' lang='lat' dir='ltr'><strong>antea</strong></span> <span class='ocrx_word' id='word_1_4' title='bbox 534 447 587 462; x_wconf 87' lang='lat'><strong>-·-</strong></span> <span class='ocrx_word' id='word_1_5' title='bbox 604 415 640 476; x_wconf 92' lang='lat' dir='ltr'><strong>et</strong></span> <span class='ocrx_word' id='word_1_6' title='bbox 658 442 710 460; x_wconf 82' lang='lat'><strong>--</strong></span> <span class='ocrx_word' id='word_1_7' title='bbox 728 406 758 478; x_wconf 93' lang='lat' dir='ltr'><strong>si</strong></span> <span class='ocrx_word' id='word_1_8' title='bbox 779 409 921 482; x_wconf 88' lang='lat' dir='ltr'><strong>Litteris</strong></span> <span class='ocrx_word' id='word_1_9' title='bbox 948 407 1057 480; x_wconf 86' lang='lat' dir='ltr'><strong>Belae</strong></span> <span class='ocrx_word' id='word_1_10' title='bbox 1075 401 1118 478; x_wconf 86' lang='grc' dir='ltr'><strong>Π.</strong></span> <span class='ocrx_word' id='word_1_11' title='bbox 1146 404 1233 478; x_wconf 85' lang='lat' dir='ltr'><strong>fides</strong></span> <span class='ocrx_word' id='word_1_12' title='bbox 1253 413 1310 478; x_wconf 89' lang='lat' dir='ltr'><strong>est</strong></span> <span class='ocrx_word' id='word_1_13' title='bbox 1326 437 1378 463; x_wconf 52' lang='grc' dir='ltr'><strong>-κ</strong></span> 
     </span>
     <span class='ocr_line' id='line_1_3' title="bbox 178 504 1378 605; baseline -0.004 -23"><span class='ocrx_word' id='word_1_14' title='bbox 178 513 251 600; x_wconf 85' lang='lat' dir='ltr'><strong>jam</strong></span> <span class='ocrx_word' id='word_1_15' title='bbox 279 509 342 582; x_wconf 91' lang='lat' dir='ltr'><strong>suh</strong></span> <span class='ocrx_word' id='word_1_16' title='bbox 362 510 398 584; x_wconf 86' lang='lat' dir='ltr'><strong>S.</strong></span> <span class='ocrx_word' id='word_1_17' title='bbox 419 509 598 605; x_wconf 84' lang='lat' dir='ltr'><strong>Stephano</strong></span> <span class='ocrx_word' id='word_1_18' title='bbox 626 504 790 582; x_wconf 82' lang='lat' dir='ltr'><strong>Comes</strong></span> <span class='ocrx_word' id='word_1_19' title='bbox 821 509 1034 584; x_wconf 80' lang='lat' dir='ltr'><strong>Curialis</strong></span> <span class='ocrx_word' id='word_1_20' title='bbox 1064 509 1176 581; x_wconf 93' lang='lat' dir='ltr'><strong>dictus</strong></span> <span class='ocrx_word' id='word_1_21' title='bbox 1208 511 1256 598; x_wconf 80' lang='lat'><strong>⁸),</strong></span> <span class='ocrx_word' id='word_1_22' title='bbox 1287 529 1378 601; x_wconf 89' lang='lat' dir='ltr'><strong>pro·-</strong></span> 
     </span>
     <span class='ocr_line' id='line_1_4' title="bbox 182 608 1378 706; baseline -0.006 -19"><span class='ocrx_word' id='word_1_23' title='bbox 182 612 330 687; x_wconf 86' lang='lat' dir='ltr'><strong>habilius</strong></span> <span class='ocrx_word' id='word_1_24' title='bbox 358 612 462 700; x_wconf 88' lang='lat' dir='ltr'><strong>ideo,</strong></span> <span class='ocrx_word' id='word_1_25' title='bbox 491 612 584 706; x_wconf 94' lang='lat' dir='ltr'><strong>quod</strong></span> <span class='ocrx_word' id='word_1_26' title='bbox 611 631 657 682; x_wconf 88' lang='lat' dir='ltr'><strong>ex</strong></span> <span class='ocrx_word' id='word_1_27' title='bbox 685 608 861 684; x_wconf 92' lang='lat' dir='ltr'><strong>ordinaria</strong></span> <span class='ocrx_word' id='word_1_28' title='bbox 889 613 1071 684; x_wconf 87' lang='lat' dir='ltr'><strong>iunctione</strong></span> <span class='ocrx_word' id='word_1_29' title='bbox 1093 633 1157 682; x_wconf 90' lang='lat' dir='ltr'><strong>sua</strong></span> <span class='ocrx_word' id='word_1_30' title='bbox 1176 609 1219 679; x_wconf 89' lang='lat' dir='ltr'><strong>ad</strong></span> <span class='ocrx_word' id='word_1_31' title='bbox 1238 608 1378 682; x_wconf 81' lang='lat' dir='ltr'><strong>Curiam</strong></span> 
     </span>
     <span class='ocr_line' id='line_1_5' title="bbox 180 711 1377 809; baseline -0.005 -23"><span class='ocrx_word' id='word_1_32' title='bbox 180 717 501 807; x_wconf 55' lang='lat' dir='ltr'><strong>regiam&#39;oontinuo</strong></span> <span class='ocrx_word' id='word_1_33' title='bbox 521 715 675 799; x_wconf 86' lang='lat' dir='ltr'><strong>adesse,</strong></span> <span class='ocrx_word' id='word_1_34' title='bbox 705 711 866 809; x_wconf 81' lang='lat' dir='ltr'>adeoque</span> <span class='ocrx_word' id='word_1_35' title='bbox 886 717 999 787; x_wconf 87' lang='lat' dir='ltr'><strong>aulam</strong></span> <span class='ocrx_word' id='word_1_36' title='bbox 1017 713 1128 805; x_wconf 87' lang='lat' dir='ltr'><strong>Regis</strong></span> <span class='ocrx_word' id='word_1_37' title='bbox 1155 715 1280 806; x_wconf 89' lang='lat' dir='ltr'><strong>sequi,</strong></span> <span class='ocrx_word' id='word_1_38' title='bbox 1308 731 1377 780; x_wconf 90' lang='lat' dir='ltr'><strong>co-</strong></span> 
     </span>
     <span class='ocr_line' id='line_1_6' title="bbox 183 813 1378 909; baseline -0.003 -22"><span class='ocrx_word' id='word_1_39' title='bbox 183 818 367 908; x_wconf 85' lang='lat' dir='ltr'><strong>mitarique</strong></span> <span class='ocrx_word' id='word_1_40' title='bbox 386 813 566 902; x_wconf 76' lang='lat' dir='ltr'><strong>debuerit,</strong></span> <span class='ocrx_word' id='word_1_41' title='bbox 595 835 702 908; x_wconf 86' lang='lat' dir='ltr'><strong>quae</strong></span> <span class='ocrx_word' id='word_1_42' title='bbox 732 816 1019 889; x_wconf 76' lang='lat' dir='ltr'><strong>consideratione</strong></span> <span class='ocrx_word' id='word_1_43' title='bbox 1047 817 1206 909; x_wconf 81' lang='lat' dir='ltr'><strong>oprimis</strong></span> <span class='ocrx_word' id='word_1_44' title='bbox 1235 815 1378 886; x_wconf 89' lang='lat' dir='ltr'><strong>omnino</strong></span> 
     </span>
     <span class='ocr_line' id='line_1_7' title="bbox 183 915 1378 1008; baseline -0.008 -16"><span class='ocrx_word' id='word_1_45' title='bbox 183 919 313 992; x_wconf 89' lang='lat' dir='ltr'><strong>seculis</strong></span> <span class='ocrx_word' id='word_1_46' title='bbox 344 917 388 990; x_wconf 87' lang='lat' dir='ltr'><strong>ad</strong></span> <span class='ocrx_word' id='word_1_47' title='bbox 415 928 573 989; x_wconf 88' lang='lat' dir='ltr'><strong>nostram</strong></span> <span class='ocrx_word' id='word_1_48' title='bbox 602 915 681 988; x_wconf 86' lang='lat' dir='ltr'><strong>fere</strong></span> <span class='ocrx_word' id='word_1_49' title='bbox 699 921 902 990; x_wconf 79' lang='lat' dir='ltr'><strong>memoriam</strong></span> <span class='ocrx_word' id='word_1_50' title='bbox 920 921 956 990; x_wconf 89' lang='lat' dir='ltr'><strong>in</strong></span> <span class='ocrx_word' id='word_1_51' title='bbox 983 917 1052 988; x_wconf 91' lang='lat' dir='ltr'><strong>hoo</strong></span> <span class='ocrx_word' id='word_1_52' title='bbox 1070 915 1239 988; x_wconf 90' lang='lat' dir='ltr'><strong>subsellio</strong></span> <span class='ocrx_word' id='word_1_53' title='bbox 1258 915 1378 1008; x_wconf 91' lang='lat' dir='ltr'><strong>positi,</strong></span> 
     </span>
     <span class='ocr_line' id='line_1_8' title="bbox 182 1015 1379 1113; baseline -0.005 -21"><span class='ocrx_word' id='word_1_54' title='bbox 182 1019 355 1113; x_wconf 90' lang='lat' dir='ltr'><strong>gentilitio</strong></span> <span class='ocrx_word' id='word_1_55' title='bbox 384 1022 517 1092; x_wconf 90' lang='lat' dir='ltr'><strong>nomini</strong></span> <span class='ocrx_word' id='word_1_56' title='bbox 545 1039 722 1112; x_wconf 78' lang='lat' dir='ltr'><strong>agnomen</strong></span> <span class='ocrx_word' id='word_1_57' title='bbox 749 1018 990 1110; x_wconf 80' lang='lat' dir='ltr'><strong>Comitis,</strong></span> <span class='ocrx_word' id='word_1_58' title='bbox 1007 1021 1111 1092; x_wconf 93' lang='lat' dir='ltr'><strong>sicuti</strong></span> <span class='ocrx_word' id='word_1_59' title='bbox 1139 1017 1281 1089; x_wconf 89' lang='lat' dir='ltr'><strong>decreta</strong></span> <span class='ocrx_word' id='word_1_60' title='bbox 1300 1015 1379 1086; x_wconf 84' lang='lat' dir='ltr'><strong>Re·-</strong></span> 
     </span>
     <span class='ocr_line' id='line_1_9' title="bbox 182 1115 1380 1217; baseline -0.003 -24"><span class='ocrx_word' id='word_1_61' title='bbox 182 1144 286 1216; x_wconf 88' lang='lat' dir='ltr'><strong>gum,</strong></span> <span class='ocrx_word' id='word_1_62' title='bbox 305 1131 409 1217; x_wconf 86' lang='lat' dir='ltr'><strong>atque</strong></span> <span class='ocrx_word' id='word_1_63' title='bbox 428 1122 628 1215; x_wconf 87' lang='lat' dir='ltr'><strong>Diplomato</strong></span> <span class='ocrx_word' id='word_1_64' title='bbox 648 1124 872 1195; x_wconf 78' lang='lat' dir='ltr'><strong>continenter</strong></span> <span class='ocrx_word' id='word_1_65' title='bbox 890 1129 1154 1208; x_wconf 88' lang='lat' dir='ltr'><strong>remonstrant,</strong></span> <span class='ocrx_word' id='word_1_66' title='bbox 1173 1121 1270 1191; x_wconf 90' lang='lat' dir='ltr'><strong>serie</strong></span> <span class='ocrx_word' id='word_1_67' title='bbox 1286 1115 1380 1190; x_wconf 84' lang='lat' dir='ltr'><strong>haud</strong></span> 
     </span>
     <span class='ocr_line' id='line_1_10' title="bbox 182 1224 1379 1320; baseline -0.006 -24"><span class='ocrx_word' id='word_1_68' title='bbox 182 1229 378 1319; x_wconf 92' lang='lat' dir='ltr'><strong>interrupta</strong></span> <span class='ocrx_word' id='word_1_69' title='bbox 396 1226 651 1320; x_wconf 79' lang='lat' dir='ltr'><strong>praeposuisse</strong></span> <span class='ocrx_word' id='word_1_70' title='bbox 679 1225 855 1297; x_wconf 86' lang='lat' dir='ltr'><strong>videntur.</strong></span> <span class='ocrx_word' id='word_1_71' title='bbox 884 1225 936 1297; x_wconf 87' lang='lat' dir='ltr'><strong>Oh</strong></span> <span class='ocrx_word' id='word_1_72' title='bbox 965 1224 1180 1319; x_wconf 87' lang='lat' dir='ltr'><strong>peramplam</strong></span> <span class='ocrx_word' id='word_1_73' title='bbox 1198 1241 1287 1294; x_wconf 89' lang='lat' dir='ltr'><strong>vero</strong></span> <span class='ocrx_word' id='word_1_74' title='bbox 1306 1240 1379 1314; x_wconf 92' lang='lat' dir='ltr'><strong>po-</strong></span> 
     </span>
     <span class='ocr_line' id='line_1_11' title="bbox 185 1321 1379 1420; baseline -0.005 -23"><span class='ocrx_word' id='word_1_75' title='bbox 185 1335 372 1416; x_wconf 83' lang='lat' dir='ltr'><strong>testatem,</strong></span> <span class='ocrx_word' id='word_1_76' title='bbox 401 1349 469 1420; x_wconf 91' lang='lat' dir='ltr'><strong>qua</strong></span> <span class='ocrx_word' id='word_1_77' title='bbox 487 1329 523 1397; x_wconf 92' lang='lat' dir='ltr'><strong>in</strong></span> <span class='ocrx_word' id='word_1_78' title='bbox 541 1323 646 1397; x_wconf 80' lang='lat' dir='ltr'><strong>Curia</strong></span> <span class='ocrx_word' id='word_1_79' title='bbox 663 1325 801 1418; x_wconf 86' lang='lat' dir='ltr'><strong>Regio,</strong></span> <span class='ocrx_word' id='word_1_80' title='bbox 823 1325 976 1420; x_wconf 88' lang='lat' dir='ltr'><strong>indeque</strong></span> <span class='ocrx_word' id='word_1_81' title='bbox 995 1348 1060 1420; x_wconf 92' lang='lat' dir='ltr'><strong>per</strong></span> <span class='ocrx_word' id='word_1_82' title='bbox 1076 1327 1282 1397; x_wconf 84' lang='lat' dir='ltr'><strong>universum</strong></span> <span class='ocrx_word' id='word_1_83' title='bbox 1300 1321 1379 1391; x_wconf 86' lang='lat' dir='ltr'><strong>Re-</strong></span> 
     </span>
     <span class='ocr_line' id='line_1_12' title="bbox 182 1425 1379 1522; baseline -0.004 -23"><span class='ocrx_word' id='word_1_84' title='bbox 182 1451 287 1521; x_wconf 91' lang='lat' dir='ltr'><strong>gnum</strong></span> <span class='ocrx_word' id='word_1_85' title='bbox 306 1437 534 1516; x_wconf 75' lang='lat' dir='ltr'><strong>constanter,</strong></span> <span class='ocrx_word' id='word_1_86' title='bbox 561 1431 598 1497; x_wconf 92' lang='lat' dir='ltr'><strong>in</strong></span> <span class='ocrx_word' id='word_1_87' title='bbox 625 1425 732 1498; x_wconf 85' lang='lat' dir='ltr'><strong>rebus</strong></span> <span class='ocrx_word' id='word_1_88' title='bbox 751 1432 943 1522; x_wconf 88' lang='lat' dir='ltr'><strong>praecipue</strong></span> <span class='ocrx_word' id='word_1_89' title='bbox 974 1426 1017 1498; x_wconf 93' lang='lat' dir='ltr'><strong>ad</strong></span> <span class='ocrx_word' id='word_1_90' title='bbox 1035 1425 1170 1497; x_wconf 89' lang='lat' dir='ltr'><strong>Judicia</strong></span> <span class='ocrx_word' id='word_1_91' title='bbox 1189 1425 1379 1518; x_wconf 91' lang='lat' dir='ltr'><strong>pertinen-</strong></span> 
     </span>
     <span class='ocr_line' id='line_1_13' title="bbox 182 1524 1378 1623; baseline -0.005 -23"><span class='ocrx_word' id='word_1_92' title='bbox 182 1531 294 1618; x_wconf 90' lang='lat' dir='ltr'><strong>tibus,</strong></span> <span class='ocrx_word' id='word_1_93' title='bbox 322 1529 549 1622; x_wconf 85' lang='lat' dir='ltr'><strong>Magistratus</strong></span> <span class='ocrx_word' id='word_1_94' title='bbox 568 1532 637 1601; x_wconf 91' lang='lat' dir='ltr'><strong>istc</strong></span> <span class='ocrx_word' id='word_1_95' title='bbox 655 1531 830 1623; x_wconf 89' lang='lat' dir='ltr'><strong>pollebat,</strong></span> <span class='ocrx_word' id='word_1_96' title='bbox 852 1530 1066 1622; x_wconf 81' lang='lat' dir='ltr'><strong>(hungarico</strong></span> <span class='ocrx_word' id='word_1_97' title='bbox 1084 1527 1222 1618; x_wconf 76' lang='lat' dir='ltr'><strong>Orsntg</strong></span> <span class='ocrx_word' id='word_1_98' title='bbox 1239 1524 1378 1614; x_wconf 78' lang='lat' dir='ltr'><strong>Birtja)</strong></span> 
     </span>
     <span class='ocr_line' id='line_1_14' title="bbox 183 1627 1380 1727; baseline -0.005 -23"><span class='ocrx_word' id='word_1_99' title='bbox 183 1637 282 1727; x_wconf 90' lang='lat' dir='ltr'><strong>quasi</strong></span> <span class='ocrx_word' id='word_1_100' title='bbox 299 1630 416 1703; x_wconf 86' lang='lat' dir='ltr'><strong>Judex</strong></span> <span class='ocrx_word' id='word_1_101' title='bbox 433 1632 548 1725; x_wconf 85' lang='lat' dir='ltr'><strong>Regni</strong></span> <span class='ocrx_word' id='word_1_102' title='bbox 567 1653 633 1727; x_wconf 90' lang='lat' dir='ltr'><strong>per</strong></span> <span class='ocrx_word' id='word_1_103' title='bbox 651 1633 898 1704; x_wconf 86' lang='lat' dir='ltr'><strong>excellentiam</strong></span> <span class='ocrx_word' id='word_1_104' title='bbox 915 1642 1066 1704; x_wconf 85' lang='lat' dir='ltr'><strong>vocatus</strong></span> <span class='ocrx_word' id='word_1_105' title='bbox 1085 1628 1162 1701; x_wconf 87' lang='lat' dir='ltr'><strong>fuit.</strong></span> <span class='ocrx_word' id='word_1_106' title='bbox 1191 1627 1267 1698; x_wconf 87' lang='lat' dir='ltr'><strong>Jam</strong></span> <span class='ocrx_word' id='word_1_107' title='bbox 1287 1631 1380 1698; x_wconf 87' lang='lat' dir='ltr'><strong>enim</strong></span> 
     </span>
     <span class='ocr_line' id='line_1_15' title="bbox 178 1731 1379 1826; baseline -0.006 -20"><span class='ocrx_word' id='word_1_108' title='bbox 178 1735 344 1806; x_wconf 81' lang='lat' dir='ltr'><strong>¹Andreas</strong></span> <span class='ocrx_word' id='word_1_109' title='bbox 375 1734 419 1806; x_wconf 89' lang='grc' dir='ltr'><strong>ΙΙ.</strong></span> <span class='ocrx_word' id='word_1_110' title='bbox 449 1735 499 1807; x_wconf 93' lang='lat' dir='ltr'><strong>illi</strong></span> <span class='ocrx_word' id='word_1_111' title='bbox 530 1733 563 1824; x_wconf 78' lang='lat'><strong>¹³)</strong></span> <span class='ocrx_word' id='word_1_112' title='bbox 600 1737 808 1808; x_wconf 79' lang='lat' dir='ltr'><strong>cunctosin</strong></span> <span class='ocrx_word' id='word_1_113' title='bbox 845 1731 949 1806; x_wconf 81' lang='lat' dir='ltr'><strong>Curia</strong></span> <span class='ocrx_word' id='word_1_114' title='bbox 977 1734 1091 1826; x_wconf 87' lang='lat' dir='ltr'><strong>Regia</strong></span> <span class='ocrx_word' id='word_1_115' title='bbox 1131 1739 1379 1822; x_wconf 85' lang='lat' dir='ltr'><strong>emergentes:</strong></span> 
     </span>
     <span class='ocr_line' id='line_1_16' title="bbox 182 1834 1415 1930; baseline -0.004 -22"><span class='ocrx_word' id='word_1_116' title='bbox 182 1836 425 1930; x_wconf 81' lang='lat' dir='ltr'><strong>sigismundus</strong></span> <span class='ocrx_word' id='word_1_117' title='bbox 458 1838 488 1925; x_wconf 80' lang='lat'><strong>⁰)</strong></span> <span class='ocrx_word' id='word_1_118' title='bbox 531 1835 691 1906; x_wconf 84' lang='lat' dir='ltr'><strong>delectus</strong></span> <span class='ocrx_word' id='word_1_119' title='bbox 719 1840 877 1924; x_wconf 79' lang='lat' dir='ltr'><strong>semime,</strong></span> <span class='ocrx_word' id='word_1_120' title='bbox 912 1837 1078 1928; x_wconf 90' lang='lat' dir='ltr'><strong>Jurisque</strong></span> <span class='ocrx_word' id='word_1_121' title='bbox 1114 1834 1219 1927; x_wconf 87' lang='lat' dir='ltr'><strong>Regii</strong></span> <span class='ocrx_word' id='word_1_122' title='bbox 1253 1852 1380 1904; x_wconf 89' lang='lat' dir='ltr'><strong>causas</strong></span> <span class='ocrx_word' id='word_1_123' title='bbox 1409 1903 1415 1911; x_wconf 80' lang='grc'><strong>,</strong></span> 
     </span>
     <span class='ocr_line' id='line_1_17' title="bbox 179 1933 1381 2030; baseline -0.005 -21"><span class='ocrx_word' id='word_1_124' title='bbox 179 1937 387 2028; x_wconf 85' lang='lat' dir='ltr'><strong>judicandas</strong></span> <span class='ocrx_word' id='word_1_125' title='bbox 406 1957 526 2030; x_wconf 88' lang='lat' dir='ltr'><strong>porro,</strong></span> <span class='ocrx_word' id='word_1_126' title='bbox 555 1946 590 2005; x_wconf 90' lang='lat' dir='ltr'><strong>ct</strong></span> <span class='ocrx_word' id='word_1_127' title='bbox 610 1937 702 2006; x_wconf 93' lang='lat' dir='ltr'><strong>ultro</strong></span> <span class='ocrx_word' id='word_1_128' title='bbox 722 1941 981 2028; x_wconf 88' lang='lat' dir='ltr'><strong>commiserunt.</strong></span> <span class='ocrx_word' id='word_1_129' title='bbox 1019 1935 1120 2006; x_wconf 90' lang='lat' dir='ltr'><strong>Patet</strong></span> <span class='ocrx_word' id='word_1_130' title='bbox 1149 1933 1297 2028; x_wconf 91' lang='lat' dir='ltr'><strong>proinde</strong></span> <span class='ocrx_word' id='word_1_131' title='bbox 1323 1933 1381 2003; x_wconf 92' lang='lat' dir='ltr'><strong>di-</strong></span> 
     </span>
     <span class='ocr_line' id='line_1_18' title="bbox 182 2031 1379 2130; baseline -0.003 -22"><span class='ocrx_word' id='word_1_132' title='bbox 182 2043 352 2129; x_wconf 89' lang='lat' dir='ltr'><strong>gnitatem</strong></span> <span class='ocrx_word' id='word_1_133' title='bbox 369 2040 483 2122; x_wconf 84' lang='lat' dir='ltr'><strong>istam,</strong></span> <span class='ocrx_word' id='word_1_134' title='bbox 501 2039 659 2128; x_wconf 86' lang='lat' dir='ltr'><strong>quamvis</strong></span> <span class='ocrx_word' id='word_1_135' title='bbox 679 2035 832 2130; x_wconf 90' lang='lat' dir='ltr'><strong>desuper</strong></span> <span class='ocrx_word' id='word_1_136' title='bbox 842 2040 963 2108; x_wconf 91' lang='lat' dir='ltr'><strong>variae</strong></span> <span class='ocrx_word' id='word_1_137' title='bbox 984 2040 1053 2106; x_wconf 91' lang='lat' dir='ltr'><strong>sint</strong></span> <span class='ocrx_word' id='word_1_138' title='bbox 1071 2037 1299 2124; x_wconf 89' lang='lat' dir='ltr'><strong>conjecturae</strong></span> <span class='ocrx_word' id='word_1_139' title='bbox 1330 2031 1379 2125; x_wconf 75' lang='lat' dir='ltr'><strong>dJ,</strong></span> 
     </span>
     <span class='ocr_line' id='line_1_19' title="bbox 183 2135 1375 2232; baseline -0.002 -24"><span class='ocrx_word' id='word_1_140' title='bbox 183 2160 328 2232; x_wconf 91' lang='lat' dir='ltr'><strong>quarum</strong></span> <span class='ocrx_word' id='word_1_141' title='bbox 345 2159 436 2230; x_wconf 89' lang='lat' dir='ltr'><strong>quae</strong></span> <span class='ocrx_word' id='word_1_142' title='bbox 464 2140 509 2208; x_wconf 90' lang='lat' dir='ltr'><strong>sit</strong></span> <span class='ocrx_word' id='word_1_143' title='bbox 527 2159 615 2208; x_wconf 88' lang='lat' dir='ltr'><strong>vero</strong></span> <span class='ocrx_word' id='word_1_144' title='bbox 641 2141 799 2231; x_wconf 87' lang='lat' dir='ltr'><strong>propior,</strong></span> <span class='ocrx_word' id='word_1_145' title='bbox 827 2159 899 2208; x_wconf 93' lang='lat' dir='ltr'><strong>non</strong></span> <span class='ocrx_word' id='word_1_146' title='bbox 925 2147 1030 2211; x_wconf 84' lang='lat' dir='ltr'><strong>vacat</strong></span> <span class='ocrx_word' id='word_1_147' title='bbox 1048 2135 1258 2229; x_wconf 88' lang='lat' dir='ltr'><strong>disquirere,</strong></span> <span class='ocrx_word' id='word_1_148' title='bbox 1287 2138 1375 2229; x_wconf 90' lang='lat' dir='ltr'><strong>ipsis</strong></span> 
     </span>
     <span class='ocr_line' id='line_1_20' title="bbox 182 2235 1381 2333; baseline -0.004 -23"><span class='ocrx_word' id='word_1_149' title='bbox 182 2240 300 2333; x_wconf 88' lang='lat' dir='ltr'><strong>Regni</strong></span> <span class='ocrx_word' id='word_1_150' title='bbox 319 2238 511 2330; x_wconf 86' lang='lat' dir='ltr'><strong>originibus</strong></span> <span class='ocrx_word' id='word_1_151' title='bbox 532 2235 609 2327; x_wconf 86' lang='lat' dir='ltr'><strong>sin&#39;,</strong></span> <span class='ocrx_word' id='word_1_152' title='bbox 628 2239 722 2332; x_wconf 90' lang='lat' dir='ltr'><strong>quod</strong></span> <span class='ocrx_word' id='word_1_153' title='bbox 735 2261 807 2311; x_wconf 91' lang='lat' dir='ltr'><strong>non</strong></span> <span class='ocrx_word' id='word_1_154' title='bbox 826 2239 958 2333; x_wconf 86' lang='lat' dir='ltr'><strong>absque</strong></span> <span class='ocrx_word' id='word_1_155' title='bbox 969 2238 1275 2312; x_wconf 85' lang='lat' dir='ltr'><strong>verisimilitudine</strong></span> <span class='ocrx_word' id='word_1_156' title='bbox 1288 2258 1381 2332; x_wconf 87' lang='lat' dir='ltr'><strong>quo-</strong></span> 
     </span>
     <span class='ocr_line' id='line_1_21' title="bbox 97 2340 1383 2437; baseline -0.002 -25"><span class='ocrx_word' id='word_1_157' title='bbox 97 2423 98 2426; x_wconf 10' lang='lat'><em>*</em></span> <span class='ocrx_word' id='word_1_158' title='bbox 183 2342 260 2412; x_wconf 88' lang='lat' dir='ltr'><strong>dam</strong></span> <span class='ocrx_word' id='word_1_159' title='bbox 288 2343 446 2414; x_wconf 90' lang='lat' dir='ltr'><strong>nonnulli</strong></span> <span class='ocrx_word' id='word_1_160' title='bbox 471 2341 618 2430; x_wconf 88' lang='lat' dir='ltr'><strong>volunt,</strong></span> <span class='ocrx_word' id='word_1_161' title='bbox 645 2350 762 2414; x_wconf 88' lang='lat' dir='ltr'><strong>aetate</strong></span> <span class='ocrx_word' id='word_1_162' title='bbox 789 2364 923 2437; x_wconf 88' lang='lat' dir='ltr'><strong>parem,</strong></span> <span class='ocrx_word' id='word_1_163' title='bbox 960 2343 1046 2415; x_wconf 86' lang='lat' dir='ltr'><strong>sotis</strong></span> <span class='ocrx_word' id='word_1_164' title='bbox 1066 2348 1163 2412; x_wconf 86' lang='lat' dir='ltr'><strong>certe</strong></span> <span class='ocrx_word' id='word_1_165' title='bbox 1184 2361 1266 2413; x_wconf 90' lang='lat' dir='ltr'><strong>esse</strong></span> <span class='ocrx_word' id='word_1_166' title='bbox 1285 2340 1383 2412; x_wconf 85' lang='lat' dir='ltr'><strong>vici·</strong></span> 
     </span>
    </p>
   </div>
   <div class='ocr_carea' id='block_1_3' title="bbox 184 2445 338 2534">
    <p class='ocr_par' dir='ltr' id='par_1_3' title="bbox 184 2445 338 2534">
     <span class='ocr_line' id='line_1_22' title="bbox 184 2445 338 2534; baseline -0.013 -20"><span class='ocrx_word' id='word_1_167' title='bbox 184 2467 265 2516; x_wconf 92' lang='lat' dir='ltr'><strong>nam</strong></span> <span class='ocrx_word' id='word_1_168' title='bbox 295 2445 338 2534; x_wconf 75' lang='lat'><strong>⁰).</strong></span> 
     </span>
    </p>
   </div>
   <div class='ocr_carea' id='block_1_4' title="bbox 634 2592 990 2790">
    <p class='ocr_par' dir='ltr' id='par_1_4' title="bbox 634 2592 990 2790">
     <span class='ocr_line' id='line_1_23' title="bbox 701 2592 853 2678; baseline -0.033 -13"><span class='ocrx_word' id='word_1_169' title='bbox 701 2592 735 2678; x_wconf 83' lang='lat'><strong>§.</strong></span> <span class='ocrx_word' id='word_1_170' title='bbox 767 2593 853 2665; x_wconf 77' lang='lat'><strong>232.</strong></span> 
     </span>
     <span class='ocr_line' id='line_1_24' title="bbox 634 2717 990 2790; baseline 0 0"><span class='ocrx_word' id='word_1_171' title='bbox 634 2717 685 2790; x_wconf 86' lang='lat' dir='ltr'><strong>Et</strong></span> <span class='ocrx_word' id='word_1_172' title='bbox 700 2718 927 2790; x_wconf 76' lang='lat' dir='ltr'><strong>Auctoratus.</strong></span> <span class='ocrx_word' id='word_1_173' title='bbox 988 2748 990 2752; x_wconf 94' lang='lat'>·</span> 
     </span>
    </p>
   </div>
   <div class='ocr_carea' id='block_1_5' title="bbox 184 2838 1391 3752">
    <p class='ocr_par' dir='ltr' id='par_1_5' title="bbox 184 2838 1391 3752">
     <span class='ocr_line' id='line_1_25' title="bbox 286 2838 1383 2944; baseline 0.003 -33"><span class='ocrx_word' id='word_1_174' title='bbox 286 2838 446 2913; x_wconf 77' lang='lat' dir='ltr'><strong>Debitum</strong></span> <span class='ocrx_word' id='word_1_175' title='bbox 482 2847 701 2944; x_wconf 91' lang='lat' dir='ltr'><strong>temporum,</strong></span> <span class='ocrx_word' id='word_1_176' title='bbox 738 2863 926 2937; x_wconf 91' lang='lat' dir='ltr'><strong>rerumque</strong></span> <span class='ocrx_word' id='word_1_177' title='bbox 955 2845 1130 2916; x_wconf 88' lang='lat' dir='ltr'><strong>rationem</strong></span> <span class='ocrx_word' id='word_1_178' title='bbox 1164 2846 1221 2938; x_wconf 92' lang='lat' dir='ltr'><strong>qui</strong></span> <span class='ocrx_word' id='word_1_179' title='bbox 1251 2849 1383 2914; x_wconf 90' lang='lat' dir='ltr'><strong>norunt</strong></span> 
     </span>
     <span class='ocr_line' id='line_1_26' title="bbox 184 2943 1382 3042; baseline 0.003 -30"><span class='ocrx_word' id='word_1_180' title='bbox 184 2944 392 3031; x_wconf 89' lang='lat' dir='ltr'><strong>instituere,</strong></span> <span class='ocrx_word' id='word_1_181' title='bbox 422 2965 544 3014; x_wconf 91' lang='lat' dir='ltr'><strong>eorum</strong></span> <span class='ocrx_word' id='word_1_182' title='bbox 572 2965 675 3014; x_wconf 89' lang='lat' dir='ltr'><strong>nemo</strong></span> <span class='ocrx_word' id='word_1_183' title='bbox 715 2943 948 3034; x_wconf 85' lang='lat' dir='ltr'><strong>inficiabitur,</strong></span> <span class='ocrx_word' id='word_1_184' title='bbox 978 2949 1200 3042; x_wconf 89' lang='lat' dir='ltr'><strong>superiorum</strong></span> <span class='ocrx_word' id='word_1_185' title='bbox 1234 2944 1382 3018; x_wconf 88' lang='lat' dir='ltr'><strong>seculo-</strong></span> 
     </span>
     <span class='ocr_line' id='line_1_27' title="bbox 184 3043 1383 3138; baseline 0.003 -26"><span class='ocrx_word' id='word_1_186' title='bbox 184 3066 259 3114; x_wconf 92' lang='lat' dir='ltr'><strong>rum</strong></span> <span class='ocrx_word' id='word_1_187' title='bbox 279 3043 433 3118; x_wconf 87' lang='lat' dir='ltr'><strong>decretis</strong></span> <span class='ocrx_word' id='word_1_188' title='bbox 451 3044 536 3115; x_wconf 86' lang='lat' dir='ltr'><strong>Jura</strong></span> <span class='ocrx_word' id='word_1_189' title='bbox 565 3044 757 3138; x_wconf 90' lang='lat' dir='ltr'><strong>quaedam,</strong></span> <span class='ocrx_word' id='word_1_190' title='bbox 786 3057 821 3119; x_wconf 89' lang='lat' dir='ltr'><strong>et</strong></span> <span class='ocrx_word' id='word_1_191' title='bbox 841 3046 963 3118; x_wconf 88' lang='lat' dir='ltr'><strong>Ollioia</strong></span> <span class='ocrx_word' id='word_1_192' title='bbox 981 3051 1033 3119; x_wconf 93' lang='lat' dir='ltr'><strong>illi</strong></span> <span class='ocrx_word' id='word_1_193' title='bbox 1062 3049 1204 3121; x_wconf 87' lang='lat' dir='ltr'><strong>adserta</strong></span> <span class='ocrx_word' id='word_1_194' title='bbox 1223 3067 1383 3117; x_wconf 85' lang='lat' dir='ltr'><strong>evanes-</strong></span> 
     </span>
     <span class='ocr_line' id='line_1_28' title="bbox 185 3145 1383 3268; baseline -0.001 -52"><span class='ocrx_word' id='word_1_195' title='bbox 185 3166 268 3216; x_wconf 89' lang='lat' dir='ltr'><strong>cere</strong></span> <span class='ocrx_word' id='word_1_196' title='bbox 298 3148 524 3239; x_wconf 88' lang='lat' dir='ltr'><strong>oportuisse,</strong></span> <span class='ocrx_word' id='word_1_197' title='bbox 554 3147 724 3240; x_wconf 90' lang='lat' dir='ltr'><strong>quaedam</strong></span> <span class='ocrx_word' id='word_1_198' title='bbox 749 3169 816 3220; x_wconf 93' lang='lat' dir='ltr'><strong>usu</strong></span> <span class='ocrx_word' id='word_1_199' title='bbox 845 3170 1021 3268; x_wconf 87' lang='lat' dir='ltr'><strong>nunquam</strong></span> <span class='ocrx_word' id='word_1_200' title='bbox 1049 3153 1222 3236; x_wconf 88' lang='lat' dir='ltr'><strong>animata,</strong></span> <span class='ocrx_word' id='word_1_201' title='bbox 1250 3169 1296 3218; x_wconf 91' lang='lat' dir='ltr'><strong>ne</strong></span> <span class='ocrx_word' id='word_1_202' title='bbox 1322 3145 1383 3219; x_wconf 84' lang='lat' dir='ltr'><strong>vel</strong></span> 
     </span>
     <span class='ocr_line' id='line_1_29' title="bbox 185 3245 1383 3341; baseline 0.002 -24"><span class='ocrx_word' id='word_1_203' title='bbox 185 3245 366 3319; x_wconf 87' lang='lat' dir='ltr'><strong>obtineant</strong></span> <span class='ocrx_word' id='word_1_204' title='bbox 353 3248 593 3339; x_wconf 90' lang='lat' dir='ltr'><strong>taliquando,</strong></span> <span class='ocrx_word' id='word_1_205' title='bbox 623 3249 737 3321; x_wconf 93' lang='lat' dir='ltr'><strong>studio</strong></span> <span class='ocrx_word' id='word_1_206' title='bbox 765 3255 958 3323; x_wconf 87' lang='lat' dir='ltr'><strong>communis</strong></span> <span class='ocrx_word' id='word_1_207' title='bbox 979 3251 1159 3323; x_wconf 84' lang='lat' dir='ltr'><strong>felicitatis</strong></span> <span class='ocrx_word' id='word_1_208' title='bbox 1179 3249 1291 3320; x_wconf 85' lang='lat' dir='ltr'><strong>fuisse</strong></span> <span class='ocrx_word' id='word_1_209' title='bbox 1312 3269 1383 3341; x_wconf 93' lang='lat' dir='ltr'><strong>op-</strong></span> 
     </span>
     <span class='ocr_line' id='line_1_30' title="bbox 185 3345 1382 3455; baseline 0.003 -36"><span class='ocrx_word' id='word_1_210' title='bbox 185 3348 326 3420; x_wconf 87' lang='lat' dir='ltr'><strong>tandum</strong></span> <span class='ocrx_word' id='word_1_211' title='bbox 343 3345 398 3438; x_wconf 74' lang='lat'><strong>⁴⁵).</strong></span> <span class='ocrx_word' id='word_1_212' title='bbox 426 3349 507 3420; x_wconf 89' lang='lat' dir='ltr'><strong>Alia</strong></span> <span class='ocrx_word' id='word_1_213' title='bbox 527 3348 700 3441; x_wconf 88' lang='lat' dir='ltr'><strong>denique,</strong></span> <span class='ocrx_word' id='word_1_214' title='bbox 729 3355 921 3445; x_wconf 87' lang='lat' dir='ltr'><strong>conspicua</strong></span> <span class='ocrx_word' id='word_1_215' title='bbox 939 3373 1049 3455; x_wconf 84' lang='lat' dir='ltr'><strong>sane,</strong></span> <span class='ocrx_word' id='word_1_216' title='bbox 1078 3375 1143 3450; x_wconf 90' lang='lat' dir='ltr'><strong>per</strong></span> <span class='ocrx_word' id='word_1_217' title='bbox 1169 3352 1382 3425; x_wconf 86' lang='lat' dir='ltr'><strong>novissimas</strong></span> 
     </span>
     <span class='ocr_line' id='line_1_31' title="bbox 186 3448 1383 3547; baseline -0.003 -21"><span class='ocrx_word' id='word_1_218' title='bbox 186 3448 398 3526; x_wconf 83' lang='lat' dir='ltr'><strong>Sanctioncs</strong></span> <span class='ocrx_word' id='word_1_219' title='bbox 418 3451 573 3547; x_wconf 89' lang='lat' dir='ltr'><strong>sepeliri.</strong></span> <span class='ocrx_word' id='word_1_220' title='bbox 602 3449 684 3521; x_wconf 89' lang='lat' dir='ltr'><strong>Non</strong></span> <span class='ocrx_word' id='word_1_221' title='bbox 703 3454 795 3522; x_wconf 91' lang='lat' dir='ltr'><strong>enim</strong></span> <span class='ocrx_word' id='word_1_222' title='bbox 815 3453 1010 3547; x_wconf 88' lang='lat' dir='ltr'><strong>deinceps</strong></span> <span class='ocrx_word' id='word_1_223' title='bbox 1001 3478 1037 3525; x_wconf 92' lang='lat' dir='ltr'><strong>m</strong></span> <span class='ocrx_word' id='word_1_224' title='bbox 1057 3455 1230 3542; x_wconf 82' lang='lat' dir='ltr'><strong>Comitiis,</strong></span> <span class='ocrx_word' id='word_1_225' title='bbox 1250 3463 1291 3524; x_wconf 84' lang='lat' dir='ltr'><strong>et</strong></span> <span class='ocrx_word' id='word_1_226' title='bbox 1304 3453 1383 3522; x_wconf 89' lang='lat' dir='ltr'><strong>Re-</strong></span> 
     </span>
     <span class='ocr_line' id='line_1_32' title="bbox 186 3547 1391 3648; baseline -0.002 -25"><span class='ocrx_word' id='word_1_227' title='bbox 186 3555 246 3644; x_wconf 82' lang='lat' dir='ltr'><strong>gio</strong></span> <span class='ocrx_word' id='word_1_228' title='bbox 266 3552 580 3624; x_wconf 90' lang='lat' dir='ltr'><strong>Locumtenentiali</strong></span> <span class='ocrx_word' id='word_1_229' title='bbox 608 3547 789 3640; x_wconf 82' lang='lat' dir='ltr'><strong>Consilio,</strong></span> <span class='ocrx_word' id='word_1_230' title='bbox 817 3574 920 3645; x_wconf 93' lang='lat' dir='ltr'><strong>quem</strong></span> <span class='ocrx_word' id='word_1_231' title='bbox 949 3564 1053 3625; x_wconf 85' lang='lat' dir='ltr'><strong>antea</strong></span> <span class='ocrx_word' id='word_1_232' title='bbox 1080 3565 1164 3648; x_wconf 90' lang='lat' dir='ltr'><strong>post</strong></span> <span class='ocrx_word' id='word_1_233' title='bbox 1189 3554 1297 3625; x_wconf 86' lang='lat' dir='ltr'><strong>Palat</strong></span> <span class='ocrx_word' id='word_1_234' title='bbox 1273 3562 1391 3637; x_wconf 37' lang='lat' dir='ltr'><strong>trnum,</strong></span> 
     </span>
     <span class='ocr_line' id='line_1_33' title="bbox 185 3651 1383 3752; baseline 0.001 -27"><span class='ocrx_word' id='word_1_235' title='bbox 185 3655 302 3727; x_wconf 92' lang='lat' dir='ltr'><strong>locum</strong></span> <span class='ocrx_word' id='word_1_236' title='bbox 320 3654 462 3726; x_wconf 88' lang='lat' dir='ltr'><strong>tenebat</strong></span> <span class='ocrx_word' id='word_1_237' title='bbox 493 3652 554 3745; x_wconf 86' lang='lat'><strong>),</strong></span> <span class='ocrx_word' id='word_1_238' title='bbox 582 3676 629 3724; x_wconf 87' lang='lat' dir='ltr'><strong>ex</strong></span> <span class='ocrx_word' id='word_1_239' title='bbox 649 3651 764 3724; x_wconf 91' lang='lat' dir='ltr'><strong>debito</strong></span> <span class='ocrx_word' id='word_1_240' title='bbox 785 3653 899 3724; x_wconf 89' lang='lat' dir='ltr'><strong>eidem</strong></span> <span class='ocrx_word' id='word_1_241' title='bbox 917 3654 1002 3728; x_wconf 86' lang='lat' dir='ltr'><strong>Jure</strong></span> <span class='ocrx_word' id='word_1_242' title='bbox 1022 3664 1182 3752; x_wconf 86' lang='lat' dir='ltr'><strong>occupat.</strong></span> <span class='ocrx_word' id='word_1_243' title='bbox 1203 3654 1383 3728; x_wconf 85' lang='lat' dir='ltr'><strong>Manserat</strong></span> 
     </span>
    </p>
   </div>
   <div class='ocr_carea' id='block_1_6' title="bbox 184 3844 1405 4479">
    <p class='ocr_par' dir='ltr' id='par_1_6' title="bbox 214 3844 868 3916">
     <span class='ocr_line' id='line_1_34' title="bbox 214 3844 868 3916; baseline 0.005 -19.066"><span class='ocrx_word' id='word_1_244' title='bbox 214 3844 322 3907; x_wconf 73' lang='lat' dir='ltr'><strong>)vid</strong></span> <span class='ocrx_word' id='word_1_245' title='bbox 340 3849 411 3914; x_wconf 81' lang='lat' dir='ltr'><strong>Prny</strong></span> <span class='ocrx_word' id='word_1_246' title='bbox 428 3851 499 3900; x_wconf 69' lang='lat' dir='ltr'><strong>lliut„</strong></span> <span class='ocrx_word' id='word_1_247' title='bbox 517 3852 585 3916; x_wconf 73' lang='lat' dir='ltr'><strong>Reg.</strong></span> <span class='ocrx_word' id='word_1_248' title='bbox 600 3850 690 3915; x_wconf 80' lang='lat' dir='ltr'><strong>llung.</strong></span> <span class='ocrx_word' id='word_1_249' title='bbox 708 3848 777 3902; x_wconf 65' lang='lat' dir='ltr'><strong>tat.</strong></span> <span class='ocrx_word' id='word_1_250' title='bbox 802 3863 826 3914; x_wconf 92' lang='lat' dir='ltr'><strong>p.</strong></span> <span class='ocrx_word' id='word_1_251' title='bbox 844 3846 868 3900; x_wconf 91' lang='grc'><strong>1.</strong></span> 
     </span>
    </p>

    <p class='ocr_par' dir='ltr' id='par_1_7' title="bbox 214 3914 468 3978">
     <span class='ocr_line' id='line_1_35' title="bbox 214 3914 468 3978; baseline 0.009 -8.13"><span class='ocrx_word' id='word_1_252' title='bbox 214 3914 242 3978; x_wconf 66' lang='lat' dir='ltr'><strong>l³)</strong></span> <span class='ocrx_word' id='word_1_253' title='bbox 264 3917 331 3970; x_wconf 74' lang='lat' dir='ltr'><strong>leot</strong></span> <span class='ocrx_word' id='word_1_254' title='bbox 349 3921 425 3970; x_wconf 84' lang='grc'><strong>1999.</strong></span> <span class='ocrx_word' id='word_1_255' title='bbox 442 3922 468 3974; x_wconf 92' lang='grc'><strong>9.</strong></span> 
     </span>
    </p>

    <p class='ocr_par' dir='ltr' id='par_1_8' title="bbox 215 3985 1405 4050">
     <span class='ocr_line' id='line_1_36' title="bbox 215 3985 1405 4050; baseline 0.005 -12.066"><span class='ocrx_word' id='word_1_256' title='bbox 215 3985 240 4050; x_wconf 94' lang='grc'>)</span> <span class='ocrx_word' id='word_1_257' title='bbox 262 3988 486 4044; x_wconf 82' lang='grc' dir='ltr'><strong>Διιιι11195.17.</strong></span> <span class='ocrx_word' id='word_1_258' title='bbox 1404 4009 1405 4014; x_wconf 73' lang='grc'>’</span> 
     </span>
    </p>

    <p class='ocr_par' dir='ltr' id='par_1_9' title="bbox 215 4019 1384 4196">
     <span class='ocr_line' id='line_1_37' title="bbox 215 4019 1384 4142; baseline 0.005 -32.073"><span class='ocrx_word' id='word_1_259' title='bbox 215 4057 339 4122; x_wconf 74' lang='lat' dir='ltr'><strong>dtnuot.</strong></span> <span class='ocrx_word' id='word_1_260' title='bbox 359 4059 469 4142; x_wconf 81' lang='lat' dir='ltr'><strong>opellae</strong></span> <span class='ocrx_word' id='word_1_261' title='bbox 493 4059 603 4108; x_wconf 76' lang='lat' dir='ltr'><strong>Assert</strong></span> <span class='ocrx_word' id='word_1_262' title='bbox 628 4057 671 4106; x_wconf 89' lang='lat' dir='ltr'><strong>lib.</strong></span> <span class='ocrx_word' id='word_1_263' title='bbox 691 4059 781 4125; x_wconf 83' lang='lat' dir='ltr'><strong>Hung.</strong></span> <span class='ocrx_word' id='word_1_264' title='bbox 799 4059 824 4109; x_wconf 89' lang='lat' dir='ltr'><strong>tn</strong></span> <span class='ocrx_word' id='word_1_265' title='bbox 847 4060 949 4111; x_wconf 81' lang='lat' dir='ltr'><strong>netad</strong></span> <span class='ocrx_word' id='word_1_266' title='bbox 965 4063 1024 4112; x_wconf 82' lang='lat' dir='ltr'><strong>Art.</strong></span> <span class='ocrx_word' id='word_1_267' title='bbox 1040 4019 1065 4112; x_wconf 90' lang='lat'><strong>9</strong></span> <span class='ocrx_word' id='word_1_268' title='bbox 1080 4061 1384 4118; x_wconf 57' lang='lat' dir='ltr'><strong>praemonentem.</strong></span> 
     </span>
     <span class='ocr_line' id='line_1_38' title="bbox 264 4127 1385 4196; baseline 0.007 -17"><span class='ocrx_word' id='word_1_269' title='bbox 264 4133 332 4181; x_wconf 81' lang='lat' dir='ltr'><strong>Arrd.</strong></span> <span class='ocrx_word' id='word_1_270' title='bbox 352 4127 403 4180; x_wconf 82' lang='lat' dir='ltr'><strong>Bdl</strong></span> <span class='ocrx_word' id='word_1_271' title='bbox 422 4131 447 4180; x_wconf 90' lang='lat' dir='ltr'><strong>tn</strong></span> <span class='ocrx_word' id='word_1_272' title='bbox 464 4131 612 4180; x_wconf 78' lang='lat' dir='ltr'><strong>comment</strong></span> <span class='ocrx_word' id='word_1_273' title='bbox 638 4128 669 4177; x_wconf 88' lang='lat' dir='ltr'><strong>de</strong></span> <span class='ocrx_word' id='word_1_274' title='bbox 688 4130 786 4180; x_wconf 76' lang='lat' dir='ltr'><strong>Archi·</strong></span> <span class='ocrx_word' id='word_1_275' title='bbox 789 4129 840 4181; x_wconf 84' lang='lat' dir='ltr'><strong>ott.</strong></span> <span class='ocrx_word' id='word_1_276' title='bbox 859 4133 926 4196; x_wconf 80' lang='lat' dir='ltr'><strong>fleg.</strong></span> <span class='ocrx_word' id='word_1_277' title='bbox 948 4132 1039 4194; x_wconf 76' lang='lat' dir='ltr'><strong>lluog</strong></span> <span class='ocrx_word' id='word_1_278' title='bbox 1059 4129 1082 4196; x_wconf 73' lang='grc'><strong>9.</strong></span> <span class='ocrx_word' id='word_1_279' title='bbox 1104 4134 1144 4184; x_wconf 83' lang='grc'><strong>19.</strong></span> <span class='ocrx_word' id='word_1_280' title='bbox 1165 4146 1188 4196; x_wconf 92' lang='lat' dir='ltr'><strong>p.</strong></span> <span class='ocrx_word' id='word_1_281' title='bbox 1206 4134 1249 4182; x_wconf 81' lang='lat'><strong>23.</strong></span> <span class='ocrx_word' id='word_1_282' title='bbox 1259 4135 1385 4187; x_wconf 81' lang='lat' dir='ltr'><strong>-.Joan</strong></span> 
     </span>
    </p>

    <p class='ocr_par' dir='ltr' id='par_1_10' title="bbox 184 4197 1383 4268">
     <span class='ocr_line' id='line_1_39' title="bbox 184 4197 1383 4268; baseline 0.007 -18"><span class='ocrx_word' id='word_1_283' title='bbox 184 4204 189 4212; x_wconf 88' lang='lat'>&#39;</span> <span class='ocrx_word' id='word_1_284' title='bbox 264 4202 347 4250; x_wconf 80' lang='lat' dir='ltr'><strong>Pelen</strong></span> <span class='ocrx_word' id='word_1_285' title='bbox 368 4201 394 4249; x_wconf 89' lang='lat' dir='ltr'><strong>ln</strong></span> <span class='ocrx_word' id='word_1_286' title='bbox 410 4202 499 4263; x_wconf 79' lang='lat' dir='ltr'><strong>Huug.</strong></span> <span class='ocrx_word' id='word_1_287' title='bbox 521 4197 573 4248; x_wconf 85' lang='lat' dir='ltr'><strong>sul)</strong></span> <span class='ocrx_word' id='word_1_288' title='bbox 600 4197 692 4260; x_wconf 62' lang='lat' dir='ltr'><strong>(tepea</strong></span> <span class='ocrx_word' id='word_1_289' title='bbox 714 4197 823 4262; x_wconf 88' lang='grc'><strong>915.</strong></span> <span class='ocrx_word' id='word_1_290' title='bbox 816 4215 842 4249; x_wconf 87' lang='grc' dir='ltr'><strong>ιιι</strong></span> <span class='ocrx_word' id='word_1_291' title='bbox 854 4207 909 4252; x_wconf 88' lang='lat' dir='ltr'><strong>not</strong></span> <span class='ocrx_word' id='word_1_292' title='bbox 929 4215 951 4252; x_wconf 88' lang='lat' dir='ltr'><strong>o.</strong></span> <span class='ocrx_word' id='word_1_293' title='bbox 970 4202 1107 4264; x_wconf 81' lang='lat' dir='ltr'><strong>Gebhard,</strong></span> <span class='ocrx_word' id='word_1_294' title='bbox 1127 4197 1254 4268; x_wconf 65' lang='grc'><strong>1919911911</strong></span> <span class='ocrx_word' id='word_1_295' title='bbox 1266 4208 1313 4255; x_wconf 65' lang='lat' dir='ltr'><strong>svn</strong></span> <span class='ocrx_word' id='word_1_296' title='bbox 1333 4203 1383 4258; x_wconf 80' lang='lat' dir='ltr'><strong>tto</strong></span> 
     </span>
    </p>

    <p class='ocr_par' dir='ltr' id='par_1_11' title="bbox 264 4269 967 4335">
     <span class='ocr_line' id='line_1_40' title="bbox 264 4269 967 4335; baseline 0.003 -15"><span class='ocrx_word' id='word_1_297' title='bbox 264 4271 373 4335; x_wconf 76' lang='lat' dir='ltr'><strong>gotn&#39;l&#39;</strong></span> <span class='ocrx_word' id='word_1_298' title='bbox 392 4273 416 4320; x_wconf 86' lang='grc'><strong>9.</strong></span> <span class='ocrx_word' id='word_1_299' title='bbox 436 4285 460 4334; x_wconf 93' lang='lat' dir='ltr'><strong>p.</strong></span> <span class='ocrx_word' id='word_1_300' title='bbox 480 4271 504 4320; x_wconf 87' lang='grc'><strong>3</strong></span> <span class='ocrx_word' id='word_1_301' title='bbox 524 4273 551 4318; x_wconf 87' lang='lat' dir='ltr'><strong>et</strong></span> <span class='ocrx_word' id='word_1_302' title='bbox 569 4270 702 4334; x_wconf 86' lang='lat' dir='ltr'><strong>complur.</strong></span> <span class='ocrx_word' id='word_1_303' title='bbox 722 4269 825 4334; x_wconf 89' lang='lat' dir='ltr'><strong>reltqul.</strong></span> <span class='ocrx_word' id='word_1_304' title='bbox 964 4317 967 4322; x_wconf 79' lang='grc'>,</span> 
     </span>
    </p>

    <p class='ocr_par' dir='ltr' id='par_1_12' title="bbox 215 4336 1227 4406">
     <span class='ocr_line' id='line_1_41' title="bbox 215 4336 1227 4406; baseline 0.003 -17.043"><span class='ocrx_word' id='word_1_305' title='bbox 215 4336 345 4395; x_wconf 76' lang='lat' dir='ltr'><strong>lMattr.</strong></span> <span class='ocrx_word' id='word_1_306' title='bbox 361 4337 434 4390; x_wconf 77' lang='lat' dir='ltr'><strong>Bet</strong></span> <span class='ocrx_word' id='word_1_307' title='bbox 426 4354 453 4391; x_wconf 90' lang='lat' dir='ltr'><strong>m</strong></span> <span class='ocrx_word' id='word_1_308' title='bbox 469 4351 561 4404; x_wconf 81' lang='lat' dir='ltr'><strong>appar.</strong></span> <span class='ocrx_word' id='word_1_309' title='bbox 577 4337 611 4386; x_wconf 85' lang='lat' dir='ltr'><strong>ad</strong></span> <span class='ocrx_word' id='word_1_310' title='bbox 630 4339 701 4402; x_wconf 78' lang='lat' dir='ltr'><strong>lllet</strong></span> <span class='ocrx_word' id='word_1_311' title='bbox 720 4340 809 4404; x_wconf 83' lang='lat' dir='ltr'><strong>flung.</strong></span> <span class='ocrx_word' id='word_1_312' title='bbox 828 4341 894 4392; x_wconf 81' lang='lat' dir='ltr'><strong>Deo.</strong></span> <span class='ocrx_word' id='word_1_313' title='bbox 912 4341 935 4392; x_wconf 84' lang='lat'><strong>1.</strong></span> <span class='ocrx_word' id='word_1_314' title='bbox 951 4353 1070 4392; x_wconf 84' lang='lat' dir='ltr'><strong>monum·</strong></span> <span class='ocrx_word' id='word_1_315' title='bbox 1091 4343 1114 4394; x_wconf 93' lang='grc'><strong>5.</strong></span> <span class='ocrx_word' id='word_1_316' title='bbox 1129 4354 1152 4406; x_wconf 88' lang='lat' dir='ltr'><strong>p.</strong></span> <span class='ocrx_word' id='word_1_317' title='bbox 1169 4341 1227 4395; x_wconf 88' lang='grc'><strong>191.</strong></span> 
     </span>
    </p>

    <p class='ocr_par' dir='ltr' id='par_1_13' title="bbox 215 4397 1250 4479">
     <span class='ocr_line' id='line_1_42' title="bbox 215 4397 1250 4479; baseline 0.001 -15"><span class='ocrx_word' id='word_1_318' title='bbox 215 4404 539 4476; x_wconf 70' lang='grc'><strong>915571991</strong></span> <span class='ocrx_word' id='word_1_319' title='bbox 557 4409 634 4462; x_wconf 84' lang='grc'><strong>1799.</strong></span> <span class='ocrx_word' id='word_1_320' title='bbox 651 4397 696 4463; x_wconf 94' lang='grc'><strong>91.</strong></span> <span class='ocrx_word' id='word_1_321' title='bbox 713 4406 738 4475; x_wconf 89' lang='grc'><strong>9.</strong></span> <span class='ocrx_word' id='word_1_322' title='bbox 756 4407 781 4464; x_wconf 91' lang='grc'><strong>1.</strong></span> <span class='ocrx_word' id='word_1_323' title='bbox 800 4416 828 4462; x_wconf 85' lang='lat' dir='ltr'><strong>et</strong></span> <span class='ocrx_word' id='word_1_324' title='bbox 845 4411 888 4466; x_wconf 87' lang='lat'><strong>97</strong></span> <span class='ocrx_word' id='word_1_325' title='bbox 978 4473 981 4479; x_wconf 44' lang='grc'><em>,</em></span> <span class='ocrx_word' id='word_1_326' title='bbox 1247 4437 1250 4444; x_wconf 55' lang='grc'>’</span> 
     </span>
    </p>
   </div>
   <div class='ocr_carea' id='block_1_7' title="bbox 0 0 1587 4864">
    <p class='ocr_par' dir='ltr' id='par_1_14' title="bbox 0 0 1587 4864">
     <span class='ocr_line' id='line_1_43' title="bbox 0 0 1587 4864; baseline 0 0"><span class='ocrx_word' id='word_1_327' title='bbox 0 0 1587 4864; x_wconf 95' lang='lat' dir='ltr'><strong> </strong></span> 
     </span>
    </p>
   </div>
  </div>
 </body>
</html>
