3122 4852
1302 228 1371 302 133

172 397 265 476 baud
281 400 526 496 infrequenter
551 396 588 472 in
620 397 770 494 antiquis
790 397 921 472 chartis
948 419 1013 494 pro
1032 396 1251 473 Vasallis
1279 396 1369 470 Na-

173 504 349 579 bilibus
377 501 589 600 compellati.
625 501 780 573 Fuerunt
799 505 917 598 itaque
935 501 970 572 hi
988 500 1130 573 indubie
1158 499 1369 573 incunabula

175 609 424 680 modernorum
459 604 714 692 Praedialium,
760 627 850 700 quas
895 604 940 677 ob
967 608 1192 701 aequiparem
1219 620 1370 698 prorsus

174 710 404 784 feudatarium
423 708 678 797 subjectionem
707 705 751 777 ad
768 706 910 780 Vexilla
928 706 1182 795 Dominarum,
1212 710 1302 793 sive,
1331 709 1370 774 ut

175 834 240 884 aas
286 815 473 886 etiamnum
517 812 584 881 rite
616 812 809 900 nominant,
873 807 1171 882 collatorum
1212 829 1369 896 suorum,

175 914 315 1011 quando
342 914 378 988 id
396 915 572 1008 exigitur,
600 910 781 988 confluere
812 913 1039 1012 oportuisse,
1066 931 1152 986 usus
1183 913 1369 986 continuus

178 1018 320 1092 evincit.
1293 1021 1296 1027 “

696 1119 731 1206 §.
762 1120 848 1192 545.

506 1273 538 1344 Α
567 1267 831 1341 Praedr'alz'baa
859 1269 1065 1346 anteacta*

276 1417 393 1507 Quare
424 1418 564 1489 minime
594 1439 672 1489 oum
691 1415 861 1490 Gentibus
892 1416 1135 1490 Praelatorum
1167 1417 1368 1506 ordinariis,

175 1521 269 1618 quod
286 1519 469 1616 Bardossy
497 1519 654 1610 fecerat,
691 1517 839 1590 Nobiles
867 1520 1066 1615 praediales
1092 1524 1144 1593 sic
1170 1530 1251 1591 sunt
1278 1540 1371 1590 con·
1410 1533 1412 1537 ·

174 1623 355 1712 fundendi,
384 1625 485 1718 quasi
510 1622 766 1717 practerillos,
793 1620 879 1697 nulli
908 1622 966 1694 alii
991 1627 1027 1695 in
1044 1627 1263 1718 privatarum
1291 1620 1371 1692 Do-

172 1730 344 1800 minarum
362 1723 547 1797 Banderiis
567 1723 753 1820 aliquanda
781 1725 1002 1798 militassent.
1041 1721 1179 1797 Etenim
1206 1728 1236 1796 si
1265 1725 1369 1796 etiam

171 1832 403 1923 nequicquam
419 1822 599 1898 reflectam
618 1826 661 1898 ad
679 1825 831 1899 ladislai
850 1824 1028 1900 Postbumi
1046 1826 1226 1900 decretum
1243 1825 1286 1897 ΙΙ.
1319 1827 1367 1916 ⁸),

172 1931 269 2024 quod
287 1948 377 2000 onus
396 1927 638 1999 exercituandi
666 1951 685 1998 a
709 1931 941 2022 proportIone
971 1929 1218 2000 diminutorum
1247 1929 1371 1999 eccle-

172 2033 398 2104 siasticorum
436 2038 672 2124 proventuum
709 2029 947 2100 reducendum
978 2030 1141 2118 ordinat,
1180 2052 1247 2124 qua
1277 2029 1370 2102 lorte

173 2131 407 2228 dispositione
436 2152 516 2201 eum
548 2133 584 2201 in
604 2150 723 2201 casum
751 2151 840 2226 opus
869 2133 933 2203 vix
968 2129 1116 2226 luisset,
1153 2153 1220 2201 nec
1251 2131 1369 2224 legem

173 2235 319 2308 alteram
348 2229 380 2336 sq
408 2232 563 2325 allegare
582 2235 787 2320 sustineam,
816 2255 906 2327 quae
924 2233 1162 2306 Praelatorum
1182 2235 1368 2327 stipen-

172 2332 1369 2432 diariosexeorunuemJabbagpionihus,mqu0rum

171 2448 324 2511 attamen
354 2446 515 2510 neutram
534 2437 685 2509 classem
707 2436 909 2511 Praediales
928 2437 1132 2526 veniebant,
1160 2441 1367 2509 necessario

169 2539 438 2612 intertenendos
468 2539 643 2611 decernit:
680 2561 756 2610 rem
784 2548 902 2612 tamen
929 2562 1067 2612 omnem
1107 2537 1247 2610 conficit
1282 2538 1368 2612 illud

170 2661 276 2738 supra
295 2641 435 2715 allatum
453 2639 604 2736 Matbiae
624 2640 803 2713 decretum
834 2641 878 2732 ⁰),
906 2641 1000 2736 quod
1018 2641 1259 2713 Praelatorum
1276 2639 1368 2710 Job-

169 2743 383 2839 bagyiones,
412 2743 475 2815 sub
502 2747 657 2838 propriis
677 2765 800 2816 corum
817 2742 1003 2817 Banderiis
1043 2747 1319 2834 exercituantes,
1348 2763 1367 2814 a

168 2844 426 2919 Nobilibus
452 2844 773 2920 Ecclesiarum
802 2855 924 2943 aperte
946 2850 1111 2921 secernit.

689 3048 725 3132 §.
755 3051 839 3121 546.

449 3218 607 3310 Duplici
629 3217 739 3291 titula
764 3220 1068 3310 praestabantur.

269 3387 393 3461 Clarus
422 3385 623 3480 Hungariae
662 3393 826 3484 superior
864 3400 1060 3484 proventus
1096 3413 1180 3465 suos
1212 3416 1231 3465 c
1261 3394 1363 3467 bonis

165 3493 291 3587 partim
308 3491 412 3580 tollit,
439 3493 564 3586 partim
592 3492 628 3561 in
647 3489 814 3580 decimis,
842 3491 968 3585 quibus
992 3516 1105 3587 nuper
1124 3499 1359 3584 renunciavit,

164 3602 376 3690 perceperat
405 3589 459 3682 ¹),
496 3592 694 3686 Principum
729 3591 941 3665 liberalitate
970 3593 1037 3666 sibi
1064 3594 1259 3682 attributis3
1295 3594 1360 3668 Gui

164 3699 270 3789 igitur
287 3705 438 3790 utroque
464 3694 533 3766 boc
559 3692 659 3765 titulo
690 3692 734 3765 ad
760 3694 956 3788 aagendam
980 3699 1174 3792 potentiam
1197 3696 1360 3770 bellicam

165 3817 229 3869 scu
248 3798 412 3870 distincto
439 3795 639 3885 Banderio,
667 3798 745 3869 sive
773 3808 872 3871 certo
902 3819 1047 3871 numero
1078 3801 1358 3873 concurrendum

70 3959 74 3973 ,
164 3896 246 3987 fnit3
284 3899 378 3994 quod
403 3921 490 3995 prae
518 3902 670 3970 caeteris
710 3909 775 3971 art.
809 3903 866 3974 15.
899 3904 1007 3976 1498.
1052 3904 1194 3996 saepius
1230 3912 1358 3999 postea

169 4066 374 4086 ᾖ

193 4134 220 4201 ⁸)
239 4134 317 4191 1154.
335 4142 360 4194 3.

192 4221 225 4282 b)
245 4221 321 4277 alas.
340 4227 383 4277 17.
401 4223 424 4290 d.
443 4230 465 4278 1.
699 4285 701 4290 ,

196 4308 320 4367 ο11159.
340 4315 365 4365 1.
384 4311 412 4362 ln
426 4313 507 4366 -Vest
527 4313 624 4368 Gemit.

194 4392 222 4464 1)
240 4399 269 4452 8.
288 4399 382 4480 steph.
400 4399 436 4451 1).
453 4402 482 4454 1..
498 4402 519 4456 l.
540 4401 570 4457 (t.
589 4402 633 4457 tt.
651 4427 685 4442 -
703 4403 864 4458 salamana!
881 4404 911 4459 Ι..
930 4403 951 4460 1.
969 4403 998 4458 c.
1017 4399 1060 4458 15.
1085 4399 1169 4456 1222.
1185 4400 1228 4458 20.
