3142 4862
468 829 1030 950 introductio

712 1205 748 1292 §·
777 1199 820 1276 1·¹

321 1352 389 1423 Juo
415 1355 639 1444 Hunnoro'oe
658 1353 847 1445 publicum
867 1370 930 1438 est,
959 1371 996 1428 et
1008 1363 1206 1448 pacatum.

248 1500 504 1654 Doctrinae,
543 1587 645 1660 quant
680 1562 851 1637 historice
886 1567 1115 1636 commentari
1154 1565 1355 1659 adgredior,

156 1663 322 1737 notiones
348 1665 452 1738 binae
480 1667 524 1738 ad
552 1669 771 1740 seinvicem
799 1665 1007 1761 complexae
1035 1687 1100 1762 pro
1128 1665 1355 1740 fundamento

157 1774 249 1856 sunt,
277 1767 388 1839 altera
408 1768 609 1842 Civitati
624 1791 654 1860 s,
684 1781 720 1841 et
738 1769 849 1841 altera
867 1769 888 1839 J
898 1771 1013 1842 uris.
1042 1768 1205 1843 Societas
1235 1768 1355 1840 homi-

155 1887 237 1937 nurn
262 1868 326 1940 sub
350 1869 503 1966 Imperio
522 1874 696 1944 communi
726 1873 763 1942 in
785 1892 850 1944 suo
867 1872 997 1944 vivens
1026 1873 1221 1961 territorio,
1250 1867 1353 1945 civi-

155 1976 210 2040 tas
231 1967 368 2041 dieitur.
389 1970 497 2062 Cujus
515 1972 665 2064 proinde
681 1971 932 2044 substantiales
951 1983 1072 2067 partes
1091 1972 1182 2068 Imp
1196 1975 1295 2045 eriu
1307 1997 1353 2065 nr,

154 2067 368 2160 incolae,
394 2071 717 2144 Territorium
736 2077 963 2142 constituunt.
991 2073 1055 2143 tus
1081 2084 1209 2164 autem,
1237 2077 1356 2148 missis

155 2167 472 2262 significationibus
490 2177 655 2262 caeteris,
682 2175 719 2244 in
744 2172 843 2244 libris
861 2171 1199 2244 iurisconsultorum
1228 2175 1356 2264 obviis,

107 2303 110 2308 ·
154 2268 223 2340 hoo
251 2270 332 2344 loco
356 2274 458 2347 nobis
487 2275 709 2370 complexum
737 2275 855 2367 legum
885 2273 1055 2362 denotat,
1106 2295 1193 2368 quas
1223 2274 1357 2348 Civitas

157 2391 386 2470 quaecunque
407 2381 569 2472 proprias
589 2376 712 2466 habet,
740 2385 866 2471 estque
892 2396 958 2471 pro
985 2375 1121 2448 illarum
1149 2375 1356 2450 diversitate

156 2472 344 2567 publicum,
373 2490 431 2551 aut
449 2482 636 2573 privatum.

698 2629 734 2716 a.
763 2622 807 2698 n.

448 2751 554 2836 Illud
576 2758 764 2826 inimum
792 2768 829 2824 et
855 2768 1058 2828 mennam.

255 2876 319 2948 ius
347 2873 507 2950 Civitatis
545 2899 652 2950 sensu
688 2879 806 2951 latiori
833 2886 1042 2972 utrumque,
1086 2889 1155 2950 tam
1182 2877 1351 2951 videlicet

155 2977 342 3071 publicum,
363 3001 463 3073 quarn
483 2980 657 3075 privatum
680 2979 935 3074 complectitur,
955 2999 1102 3074 quorum
1121 2979 1206 3051 illud
1224 3001 1354 3051 nexum

155 3075 388 3175 Imperantem
406 3084 510 3170 inter,
540 3103 581 3153 ac
604 3082 775 3170 subditos,
794 3079 887 3151 istud
904 3079 989 3152 iura
1010 3083 1228 3174 singulorum
1245 3080 1355 3152 lnco-

156 3179 267 3252 larum
295 3181 437 3272 definit,
477 3206 519 3254 ac
551 3193 809 3279 repraesentat.
855 3182 905 3252 At
940 3184 1129 3270 strictiori,
1170 3185 1354 3276 magisque

157 3285 332 3354 communi
359 3306 426 3362 usu
467 3284 547 3355 tus
577 3285 802 3360 Civitatis
827 3304 905 3354 cum
929 3283 1042 3356 Jure
1069 3283 1260 3378 publico
1288 3302 1353 3376 pro

157 3384 284 3455 eodem
310 3387 501 3479 accipitur,
548 3378 651 3480 atque
680 3391 716 3459 in
748 3391 1006 3476 internum,
1042 3407 1107 3458 seu
1144 3384 1238 3480 quod
1263 3385 1355 3455 intra

155 3484 284 3558 limites
312 3487 481 3556 territorii
509 3484 662 3575 obtinet,
699 3499 735 3559 et
762 3498 1022 3576 externum,
1051 3485 1144 3581 quod
1169 3487 1282 3558 roiate
1311 3485 1356 3556 aad

157 3597 301 3659 exteras
337 3585 508 3658 Nationes
540 3590 658 3680 viget,
696 3598 868 3682 tamquam
895 3587 1042 3684 totidem
1070 3585 1230 3676 ejusdem
1256 3589 1355 3655 inte-

156 3698 301 3780 grantes
319 3699 509 3784 portes-
528 3711 644 3783 neque
663 3689 924 3782 incongrue-
942 3688 1051 3762 dividi
1070 3687 1174 3762 solet.

721 3891 729 3906 .
757 3835 818 3908 ΙΙΙ.

526 3965 630 4038 loric
657 3837 806 4035 tijatire·
830 3963 984 4050 objecto.

258 4085 334 4159 Huc
359 4088 483 4182 igitur,
513 4091 541 4161 si
572 4089 614 4160 de
634 4085 811 4182 Hungaria
839 4110 955 4162 sermo
984 4092 1040 4179 sit,
1067 4085 1242 4176 refertur,
1272 4082 1355 4180 quid

158 4186 252 4279 quid'
269 4193 362 4261 cirea
385 4191 470 4261 Jura
504 4202 540 4262 et
567 4189 689 4263 Officia
715 4191 838 4284 Regis,
865 4191 993 4283 Regni,
1024 4189 1241 4282 singulorum
1263 4187 1351 4261 Sta-

156 4297 273 4379 tuum,
318 4314 360 4362 ac
388 4291 612 4368 subditorum
633 4316 770 4388 -qua
799 4295 919 4367 talium
935 4330 987 4344 -
1003 4292 1142 4384 legibus
1169 4293 1353 4380 sancitum,

155 4389 383 4488 moribusque
410 4393 594 4491 probatum
622 4395 766 4470 obtinet.
819 4393 875 4467 Ex
914 4395 958 4469 iis
986 4397 1072 4490 ipsis
1089 4413 1209 4490 ,porro
1235 4393 1353 4486 leges,
