3122 4852
225 218 298 294 rte

223 403 321 469 turas
352 390 408 484 ῆς
437 415 582 489 cumque
608 393 711 487 hujus
740 393 935 469 sanctionis
955 387 1003 472 in,
1020 389 1211 467 obversum
1237 403 1320 491 post
1347 413 1420 464 non

224 496 314 594 adeo
336 498 481 592 longum
511 496 811 594 intercapedinem
830 493 1050 592 Regnicolae
1084 500 1260 570 aerarium
1283 496 1421 592 regium

223 596 267 672 ad
297 622 462 673 summam
494 607 689 694 egestatem
718 601 900 674 reductum
926 597 1261 690 animadverterent,
1288 601 1342 671 rei
1361 601 1423 670 in-

224 702 392 796 dignitate
429 707 619 794 commoti,
656 728 747 777 anno
778 705 889 779 seculi
913 700 1039 773 decimi
1067 705 1159 776 sexti
1190 713 1314 798 quarto
1355 700 1424 772 de-

224 808 313 876 cimo
344 803 379 894 l’)
409 809 691 896 constituerunt3
727 816 766 878 ut
801 807 960 881 universi
986 814 1181 899 proventus
1215 807 1328 898 regii,
1365 803 1426 897 qui

224 907 384 1001 pignoris
399 909 522 998 jurea
549 911 698 1004 privatis
723 908 1010 1004 possidebantur,
1048 905 1236 981 confestim
1264 905 1427 994 redeant,

222 1027 339 1100 neque
358 1011 393 1080 in
412 1021 594 1106 posterum
612 1012 915 1106 -qualicunque
935 1011 1149 1081 necessitate
1170 1009 1428 1105 adurgente—

223 1111 301 1284 simle
348 1133 557 1205 consensu,
596 1137 638 1186 ac
674 1113 929 1189 deliberatione
969 1113 1059 1204 regii
1097 1107 1244 1186 Consilii
1279 1111 1426 1186 alienari

223 1233 269 1284 va
286 1222 379 1284 eant.

264 1358 304 1442 1)
328 1358 500 1443 Colligitur
522 1363 608 1427 istud
632 1399 673 1412 -
697 1371 731 1427 ut
753 1373 870 1428 taceam
894 1364 1024 1443 relique,
1048 1379 1126 1442 quac
1149 1379 1183 1424 se
1206 1361 1284 1424 mibi
1307 1363 1340 1426 in
1361 1381 1427 1425 rem

309 1445 565 1526 frequentissima
594 1454 735 1514 offerunt·
753 1485 795 1498 -
819 1451 869 1513 vel
900 1470 937 1513 ex
969 1450 1025 1512 illo
1056 1449 1201 1512 Andreae
1223 1448 1263 1513 lt.
1294 1450 1427 1512 berteto

308 1532 407 1595 altero
424 1534 457 1617 ο)
480 1536 513 1598 in
543 1537 602 1600 boc
624 1558 718 1618 opare
750 1557 901 1618 persaepe
934 1542 1123 1616 provocato,
1154 1535 1187 1598 iu
1220 1553 1279 1616 quo
1303 1543 1428 1616 praeter

308 1619 427 1681 tribute
456 1623 556 1684 duae
586 1635 728 1704 partes
759 1631 985 1688 castrorum
1016 1622 1061 1682 ad
1084 1621 1211 1700 Regis
1234 1621 1426 1686 volunte-

309 1711 405 1780 tem,
429 1707 492 1768 cui
515 1708 644 1784 volet,
667 1710 984 1773 distribuendae
1010 1715 1200 1771 statuuntur.
1224 1705 1332 1788 Neque
1360 1707 1426 1770 im-

309 1791 458 1852 morabor
479 1793 604 1873 prolixo
628 1797 700 1858 buio
723 1795 850 1862 themati
874 1796 975 1857 denuo
998 1793 1207 1869 illustrando,
1237 1802 1366 1875 egerunt
1389 1795 1428 1856 de

310 1876 454 1954 duribus,
476 1882 744 1963 presentibusque
765 1889 939 1945 castrorum
955 1882 1113 1962 regiorum
1130 1887 1203 1959 post
1218 1880 1428 1963 Anonymum,

310 1961 446 2040 Kisam,
469 1966 697 2032 Thuroozium:
721 1970 852 2047 Kolldr,
873 1969 969 2052 Pray‚
990 1968 1108 2045 Palma,
1131 1966 1322 2044 Kovecltiob,
1346 1967 1428 2028 ller-

308 2049 362 2126 tal,
387 2051 439 2131 qul
462 2055 697 2120 uetustissimos
721 2064 930 2137 proventuum
955 2055 1055 2120 tontes
1075 2072 1138 2116 nou
1152 2053 1244 2117 modo
1263 2052 1425 2133 spaciatim

241 2210 268 2222 ,ι
308 2155 481 2216 recensere,
505 2142 561 2204 red
583 2144 705 2206 erudite
728 2144 820 2206 etiam
851 2142 1012 2206 illustrare
1035 2139 1115 2202 nulli
1139 2140 1428 2220 praetermiserunt,

310 2223 486 2304 complures
519 2229 650 2310 denique
681 2229 714 2291 iu
738 2228 887 2312 operibus
920 2225 1055 2308 sparsim
1079 2245 1097 2286 e
1120 2224 1211 2287 nobis
1234 2225 1426 2290 memoratis,

247 2329 308 2415 ll)
333 2331 510 2410 „Volumus
534 2336 656 2414 quidem
674 2338 826 2399 -verba
848 2344 921 2398 sunt
943 2334 975 2396 in
998 2333 1097 2396 Libro
1116 2332 1319 2397 Decretorum
1335 2331 1426 2418 ejus-

313 2418 405 2498 „dem
437 2419 477 2483 ll.
501 2422 602 2502 capite
625 2422 656 2486 6.
679 2428 822 2484 contente
844 2454 884 2466 —
908 2431 942 2482 ut
975 2419 1057 2482 siout
1087 2420 1219 2482 caeteris
1250 2419 1428 2484 facultatem

314 2505 478 2582 „dedimus
502 2506 683 2569 dominandi
714 2525 842 2570 suarum
865 2525 989 2584 rerum,
1020 2507 1064 2568 ita
1087 2507 1179 2569 etiem
1201 2525 1272 2584 res,
1304 2506 1430 2583 milites,

313 2592 439 2669 ,‚servi‚
471 2599 500 2652 et
524 2592 673 2672 quidquid
706 2595 750 2656 sd
774 2601 955 2657 rostram
987 2591 1165 2674 regalem
1189 2592 1429 2673 dignitatem

314 2676 538 2754 „pertinet,
569 2697 750 2759 parmanere
782 2680 872 2743 debet
901 2679 1076 2754 immobile3
1110 2687 1181 2740 ete
1211 2678 1333 2740 nemina
1357 2679 1431 2758 quid

316 2759 408 2837 „inde
430 2761 592 2840 rapiatur,
627 2774 681 2828 sut
703 2765 923 2846 subtrabatur3
958 2781 1027 2826 nac
1059 2763 1277 2842 quisquam
1299 2762 1338 2824 ln
1362 2763 1430 2828 bis

317 2846 574 2923 „praedictis
598 2848 676 2913 sibi
697 2850 879 2914 levorem
901 2846 1113 2928 requirere
1134 2847 1315 2912 audeat.“

651 3117 655 3126 ,
687 3063 688 3066 ’
756 3041 791 3128 §.
822 3039 907 3114 56⁷.

655 3189 770 3262 Bona
797 3185 1013 3260 cameratio.

333 3329 433 3404 Βοηε
475 3330 556 3404 alibi
583 3333 806 3410 Domania
848 3335 976 3428 (vulgo
1004 3332 1215 3423 Dotniinen)¹
1248 3335 1284 3406 in
1313 3335 1430 3406 Patria

231 3439 356 3504 nostra
383 3434 637 3507 cameralia
664 3439 701 3509 iu
746 3437 948 3525 coronabo,
997 3435 1058 3511 vel
1085 3431 1217 3507 fiscalia
1253 3436 1429 3524 tribuunt3

231 3557 312 3606 nam
336 3539 716 3630 patrimonialia,
762 3539 887 3634 quibus
917 3538 1037 3631 Reges
1076 3537 1171 3610 nulla
1199 3535 1277 3608 iore
1313 3543 1430 3608 aetate

233 3633 525 3728 destituebantur,
545 3662 670 3735 wneque
689 3651 769 3712 actu
794 3651 927 3730 carent,
962 3643 1072 3714 totius
1096 3639 1233 3732 Regiae
1263 3638 1430 3712 Familiae

229 3742 387 3832 propria,
413 3742 616 3819 incensum
633 3743 857 3816 cameralium
874 3763 947 3814 non
972 3745 1132 3830 veniunt,
1160 3751 1431 3836 proventusque

232 3859 317 3914 suos
345 3842 387 3911 in
414 3843 649 3934 privatum
675 3845 916 3939 Principis
945 3843 1212 3939 cophinum,
1247 3863 1431 3916 nonvero

225 3945 267 4012 in
287 3944 482 4016 camerales
512 3943 652 4020 loculos
671 3946 833 4036 reddunt,
861 3967 970 4041 quare
1001 3944 1045 4015 ad
1063 3942 1303 4037 cathegoriam
1338 3965 1431 4038 pro-

232 4051 400 4120 ventuum
418 4043 637 4142 publicorum
653 4050 768 4124 miuus
786 4060 938 4145 possunt
954 4045 1091 4120 referri.

225 4165 431 4180 Μ*-

263 4215 292 4368 n}
309 4217 555 4361 1111162113,
575 4308 647 4359 coni.
660 4307 738 4360 1608.
754 4307 796 4359 22.
813 4320 836 4357 a.
853 4319 877 4357 o.
892 4307 921 4356 et
939 4304 1016 4357 1791.
1033 4303 1059 4354 ’7.

262 4391 290 4454 ⁰)
307 4395 338 4446 P.
350 4393 383 4444 tl.
401 4398 431 4444 tt.
443 4389 485 4444 ³9.
