3158 4864
221 137 293 214 rso
401 90 410 114 ⁰

269 317 274 325 ·
303 303 501 386 „requirente
520 299 577 384 (eo
597 304 679 384 quod
703 302 783 366 idem
809 299 973 366 Palatinus
996 321 1035 364 ax
1061 307 1151 382 parte
1175 297 1414 383 liegnlaolar'um

303 391 439 471 „Regium
456 389 624 452 Serenitati
649 409 686 452 ex
712 397 800 468 perte
821 389 926 468 ipsine
951 389 1067 470 Regiae
1089 384 1268 470 blajestetis
1293 387 1415 470 liegni-

301 476 401 552 ,nous
417 475 587 550 iudicium,
609 483 639 536 et
653 473 811 559 justitiam
821 474 922 536 iecere
943 481 1057 554 petest,
1079 483 1109 534 et
1127 479 1263 548 tenetur)
1283 491 1320 534 er
1335 491 1414 536 aon-

303 561 398 637 „silio
413 560 640 637 Praeletorum‚
663 569 693 622 et
710 560 877 637 Beronum,
900 579 936 622 aa
951 559 1050 641 Regni
1069 557 1230 620 Nobilium
1259 557 1329 638 peri
1354 578 1414 619 vo-

302 645 584 726 „mew

767 808 774 824 .
805 757 891 828 212.

581 883 640 953 Dc
665 755 920 971 sudffcpdonz'e
944 887 1045 956 ee'te‘o.

217 1037 220 1042 ·
317 1007 450 1078 Verum
469 1003 627 1102 capitula
649 1043 701 1058 -
721 1005 814 1077 diem
833 1006 958 1100 aliquis
974 1045 1026 1058 --
1043 1006 1087 1078 ad
1108 1029 1199 1100 quae
1226 1007 1413 1095 servanda,

211 1109 442 1201 jurejurando
466 1107 628 1179 Andreas
644 1106 688 1178 ll.
708 1108 856 1202 ejusque
875 1106 955 1196 filii,
984 1131 1027 1180 uc
1045 1109 1161 1202 Regni
1178 1110 1352 1181 Proceres
1372 1129 1412 1180 se

216 1221 334 1284 coram
352 1211 583 1282 Praenestino
603 1208 706 1283 Sedis
725 1205 957 1306 Apostolicae
985 1211 1104 1303 legato
1135 1211 1413 1299 obstrinxerunt,

216 1336 293 1386 eam
319 1315 501 1386 continent
528 1313 775 1405 sponsionem:
807 1311 1067 1402 „Promittimus
1092 1334 1243 1409 perros
1274 1316 1439 1384 consti-'

215 1425 353 1507 „tuere
392 1424 428 1485 et
456 1414 539 1484 dare
568 1414 773 1505 singulis
809 1415 949 1486 annis
976 1414 1191 1504 Palatinum,
1218 1415 1280 1486 vel
1311 1413 1414 1484 alium
1492 1475 1495 1486 .

215 1518 284 1608 „de
312 1513 592 1606 Jobhagionihus
627 1519 760 1585 nostris
785 1553 838 1568 -
864 1536 1045 1607 —quem
1081 1515 1251 1588 iaciemus
1278 1516 1413 1604 jurare,

215 1617 332 1712 „quod
359 1615 558 1687 Mandatum
595 1622 754 1685 nostrum
787 1613 979 1685 secundum
1008 1619 1076 1686 ista
1104 1615 1254 1688 fideliler
1283 1615 1414 1710 imple-

215 1717 310 1808 „hir‘
343 1718 388 1807 ·).
414 1716 507 1784 Dein
525 1711 680 1784 Litterae
701 1714 755 1785 ad
762 1715 1094 1804 judicatorius
1122 1719 1158 1788 in
1186 1738 1292 1788 causa
1322 1739 1414 1809 qua-

216 1818 293 1910 dam
311 1815 484 1888 Abbatiae
504 1813 753 1910 Tihauyiensis
783 1816 977 1912 productae
1008 1816 1042 1910 ⁵)
1073 1820 1159 1889 citra
1188 1817 1292 1889 ullam
1322 1839 1414 1889 cou-

109 1915 111 1920 ’
214 1920 426 2004 troversiam
446 1915 647 2005 ostendunt,
675 1916 892 1990 Ludovicum
915 1917 942 1988 Ι.
972 1919 1062 1989 intra
1083 1919 1209 1991 Annos
1240 1919 1348 1992 1385.
1379 1927 1414 1988 ct

218 2023 326 2096 1389.
350 2028 425 2091 tres
444 2019 623 2091 Palatinos
651 2017 763 2112 gradu
789 2023 970 2108 movisse,
998 2020 1215 2114 totidemque
1241 2018 1296 2090 his
1324 2019 1412 2091 alios

214 2123 449 2196 substituisse.
470 2118 547 2191 Nec
562 2142 644 2191 raro
663 2123 699 2192 in
716 2119 847 2191 chartis
856 2122 1039 2192 veteribus
1050 2123 1287 2194 Palatinorum
1298 2143 1411 2216 quos-

214 2224 291 2296 dam
305 2223 386 2314 jure
405 2222 609 2318 postliminii
632 2222 675 2291 ad
693 2221 762 2292 hoc
780 2221 940 2294 Officium
958 2222 1109 2294 reduces
1128 2225 1292 2317 reperiri,
1321 2223 1410 2295 alios

214 2325 329 2396 addita
347 2323 476 2396 vocula
502 2321 680 2424 pridem
705 2320 884 2394 Palatinos
916 2324 1140 2418 compellari,
1178 2347 1294 2418 neque
1322 2345 1410 2396 vero

214 2425 382 2498 credibile
412 2443 518 2512 esse,
554 2423 664 2496 variis
693 2426 771 2494 istis
798 2423 861 2494 suh
890 2424 1037 2521 epochis
1058 2423 1206 2498 Comitia
1225 2431 1412 2521 quotannis

214 2537 358 2616 coacta,
396 2545 512 2598 novus
541 2532 578 2595 ut
614 2527 649 2595 in
675 2525 719 2597 iis
751 2524 929 2600 Palatinus
959 2526 1126 2601 Ordinum
1163 2523 1428 2622 suffragatione

214 2629 299 2722 eligi
316 2625 479 2701 valuerit.

767 2807 775 2822 .
805 2754 891 2826 213.

557 2753 763 2971 11111111αὲ
790 2877 1072 2952 condemnatur.

315 3000 387 3075 Sed
417 3024 488 3074 uon
507 3003 592 3073 illud
610 3010 868 3098 propugnatum
886 3023 1021 3096 pergo,
1057 3009 1157 3100 quasi
1177 3010 1343 3104 antiquae
1364 3009 1412 3081 illi

211 3104 461 3176 consuetudini
494 3108 654 3199 nuspiam
683 3103 812 3174 luisset
840 3103 1069 3197 derogaturn3
1104 3111 1187 3202 quin
1215 3113 1335 3206 potius
1363 3149 1415 3162 --

209 3228 274 3301 pro
286 3211 415 3277 usitato
428 3210 544 3299 gentis
559 3214 826 3276 more-recte
839 3203 941 3294 hujus
952 3209 1157 3282 violationis
1177 3215 1213 3283 in
1230 3222 1413 3308 posterum

211 3307 481 3403 praecavendae
503 3327 619 3378 causa
647 3306 814 3377 disertam
842 3305 905 3378 sub
924 3308 1073 3381 Alberto
1093 3311 1210 3406 legem
1228 3314 1411 3408 perlatam,

209 3417 245 3478 ct
274 3429 351 3477 cum
374 3411 502 3480 iterum
527 3407 746 3495 violaretur,
775 3407 921 3480 totidem
951 3411 1089 3482 vicibus
1117 3417 1277 3485 iteratam
1298 3411 1410 3482 tuisse

210 3508 354 3580 fundate
394 3511 561 3600 conjicio.
596 3547 651 3561 --
684 3507 762 3580 Neo
789 3510 984 3604 praetendo
1016 3535 1085 3603 ego
1115 3515 1239 3606 quavis
1269 3513 1411 3583 omnino
1528 3591 1531 3596 ,

209 3620 325 3682 aetate
343 3615 488 3706 proprie
507 3621 641 3684 tantum
660 3614 695 3682 in
706 3611 822 3704 Regni
833 3609 991 3684 Comitiis
1010 3611 1187 3684 Nobilium
1204 3612 1298 3683 istud
1317 3635 1410 3684 cun-

209 3712 322 3783 silium
340 3732 405 3803 pro
425 3712 495 3784 lucc
512 3712 636 3783 Officio
657 3713 876 3785 conferendo
898 3717 1124 3785 convenisse.
1153 3709 1268 3783 Eccur
1288 3724 1404 3788 autem

206 3822 291 3886 vota
310 3814 423 3899 seori,
452 3834 494 3882 ac
511 3813 652 3907 prolani
672 3813 811 3885 Ordinis
831 3812 875 3882 ad
894 3832 1009 3882 annua
1027 3812 1135 3883 Festo
1155 3812 1275 3887 Sancti
1293 3816 1405 3912 Regis

207 3914 368 3987 solennia
399 3913 431 4002 ο)
480 3911 730 3987 contuentium
768 3912 930 3984 exaudiri
974 3932 1046 3983 non
1082 3917 1311 4008 potuissent?
1347 3929 1406 3990 aut

236 4079 261 4144 ⁸)
279 4083 321 4133 Er
340 4085 400 4137 Act.
419 4083 507 4134 vatio.
526 4083 646 4147 Reynald
666 4099 708 4148 op.
727 4084 772 4135 eit.
791 4083 826 4134 ad
843 4079 1005 4136 Α1111.1233.
1024 4083 1097 4136 coni.
1114 4083 1187 4152 Pray
1198 4088 1295 4143 Annei.
1312 4087 1397 4155 Huug

236 4220 263 4279 n
280 4152 472 4288 itud

236 4288 263 4354 ο)
280 4291 405 4346 Andreae
418 4292 516 4346 Bullee
535 4292 644 4344 Aureae
662 4291 721 4343 1111.
742 4291 768 4344 1.
