3122 4852
713 376 764 463 ·§.
795 375 879 447 514.

479 522 582 609 Quae
599 521 710 594 noba
726 543 769 594 aa
785 528 921 618 eiciant
937 528 1129 613 ceate'pc'a?

306 691 434 780 Erant,
460 691 556 786 quod
575 691 656 764 alibi
674 695 795 764 monui
813 694 954 784 (201),
981 692 1098 786 Regni
1114 692 1313 764 Barouatus
1326 691 1402 780 jam

205 791 338 888 plures,
354 793 427 880 iam
445 797 655 888 pauciores:
680 805 868 866 occurrunt
887 791 1186 889 inDiplomatibus
1205 814 1277 866 non
1294 793 1400 864 modo

206 890 412 965 Comites
446 892 805 984 confiniorum,
840 894 1021 968 Banivc
1049 899 1140 982 inter
1167 893 1256 966 haec
1285 894 1401 967 cilicia

203 993 376 1088 palatina,
404 1016 494 1090 quos
513 1020 605 1068 nunc
624 1000 834 1091 nequiquam
854 1017 1027 1090 quaeras3
1054 995 1178 1069 verum
1199 1000 1303 1092 etiam
1323 995 1402 1066 dum

123 1150 128 1158 .
204 1093 367 1184 adjuncta
396 1107 593 1192 temporum
631 1097 877 1191 postulabant,
914 1119 985 1169 uuo
1016 1099 1213 1193 codemque
1241 1109 1402 1193 tempore

203 1194 390 1285 Vajuodae
421 1199 690 1272 Transilvaniae
718 1199 813 1288 bini,
841 1200 1026 1294 ternique,
1054 1199 1278 1295 quodetiam
1304 1201 1400 1270 circa

202 1295 321 1368 Banos
360 1294 546 1391 Oroatiae,
574 1309 611 1371 et
629 1299 842 1374 sclavoniae
875 1303 1066 1392 evenisse,
1101 1300 1249 1374 historia
1283 1302 1399 1372 docet.

203 1397 302 1484 Quae
322 1397 460 1493 quidem
481 1405 595 1475 omnia
624 1401 760 1495 Regiae
778 1405 991 1476 Auctoritati
1010 1403 1076 1476 hac
1102 1405 1138 1476 in
1156 1415 1257 1498 parte
1276 1412 1400 1500 aperta

205 1497 331 1576 favere
351 1502 551 1577 ostendunt.

729 1705 763 1792 §.
795 1709 880 1778 515.

549 1829 838 1926 ΟἱυῑΙιΠιαηῑα
865 1854 1059 1946 quaedum.

295 2003 430 2097 Aperta
459 2012 516 2073 est
551 2003 586 2072 in
616 2003 895 2097 praesentiarum
924 2005 982 2074 via
1002 2005 1115 2075 cuivis
1141 2011 1224 2073 nato
1243 2003 1278 2071 in
1296 1999 1398 2072 Hun-

196 2107 316 2198 garia,
344 2103 574 2199 Partibusque
615 2104 785 2191 adnexis,
813 2103 874 2177 vel
905 2101 940 2174 in
965 2101 1116 2174 Patriam
1150 2102 1306 2190 adscito,
1333 2125 1397 2172 re-

199 2217 351 2302 ceptove
382 2204 425 2278 ad
449 2206 600 2301 quodvis
632 2203 931 2276 indiscriminatim
955 2209 1107 2275 munium
1138 2209 1215 2276 sive
1233 2206 1398 2277 nomina-

201 2310 320 2395 tione,
348 2330 412 2379 sau
442 2329 508 2400 per
536 2307 747 2378 electionem
778 2303 936 2396 obtingat
966 2305 1022 2394 ¹),
1057 2305 1202 2398 lingvae
1229 2306 1397 2376 duntaxat

200 2407 414 2501 hungaricae
435 2408 590 2499 cognitio
600 2428 665 2499 pro
684 2405 800 2476 cilicio
818 2406 907 2474 intra
919 2404 1120 2498 Hungariae
1139 2407 1269 2479 limitas
1289 2407 1395 2478 srictc

200 2521 335 2581 sumtae
356 2505 606 2601 consequendo
622 2507 712 2577 ultra
730 2506 922 2598 requiritur
952 2504 998 2594 b).
1028 2507 1130 2592 Quod
1160 2507 1238 2578 dum
1257 2508 1395 2576 ininime

198 2610 457 2706 reprobandum
482 2617 625 2697 statuo,
653 2611 842 2702 impetrare
872 2616 1024 2678 attamen
1054 2631 1172 2680 amco
1193 2613 1227 2679 in
1246 2607 1395 2679 Patriam

199 2712 385 2804 aequitatis
406 2709 521 2783 studio
539 2729 612 2779 non
629 2729 797 2802 possum,
826 2712 909 2801 quin
931 2730 1093 2782 errorem
1110 2733 1175 2805 per
1193 2713 1396 2781 universam

197 2811 375 2906 Europam
394 2810 614 2906 dispersum,
643 2821 678 2880 et
707 2807 910 2896 invidiose,
939 2808 1126 2905 deditaque
1156 2831 1266 2907 opera
1285 2812 1396 2906 magis

201 2910 335 3000 adhuc,
365 2933 467 3006 quam
494 2917 702 3005 ignoranter
731 2909 834 2998 hinc,
863 2918 899 2979 et
925 2910 1006 2980 inde
1024 2933 1090 3004 pro
1120 2934 1209 2986 vcro
1231 2909 1396 2983 divendi-

89 3087 95 3096 ,
199 3022 272 3084 tum
296 3015 480 3103 relevem,
508 3011 689 3106 lgnobiles
718 3011 937 3106 publicorum
975 3011 1178 3086 Oiliciorum
1211 3012 1302 3108 apud
1328 3029 1395 3081 nos

200 3114 363 3188 absolute
383 3114 497 3188 luisse
523 3116 713 3209 incapaces
741 3123 823 3186 ante
841 3111 958 3204 legem
986 3112 1067 3186 huic
1086 3115 1285 3189 exclusioni
1304 3133 1397 3182 con-

198 3220 351 3288 trariam.
377 3231 380 3236 '

726 3417 763 3504 §.
794 3419 876 3492 516.

464 3565 680 3662 Aliquando
707 3531 902 3640 nabataea·
922 3581 1125 3640 reservata.

299 3713 418 3784 Mania
446 3716 577 3786 etenim
604 3713 775 3806 quaedam
803 3733 908 3808 supra
938 3713 1144 3807 designata,
1173 3720 1209 3782 et
1234 3702 1396 3776 Comita-

197 3825 291 3888 tuum
310 3815 481 3910 pleraque
500 3819 530 3885 si
550 3817 721 3908 excipiam
737 3814 872 3909 reliqua
891 3814 1067 3906 ignobiles
1087 3825 1122 3887 et
1141 3822 1243 3884 antea
1263 3825 1395 3902 gerere

196 3926 381 4011 poterant,
411 3926 447 3986 et
466 3936 574 4008 saepe
593 3936 739 3987 numero
760 3919 864 3986 etiam
892 3918 1197 3989 nanciscebantur.
1225 3906 1398 3982 Patebant

196 4018 250 4091 his
269 4028 412 4114 praeter
432 4015 645 4104 consiliarii,
662 4026 698 4086 et
717 4015 908 4092 secretarii
928 4017 1092 4110 officium,
1112 4017 1248 4110 reliqua
1267 4016 1396 4084 cuncta

187 4189 402 4208 Ψ

229 4253 255 4315 Ι)
274 4255 350 4309 lata.
371 4261 395 4306 a.

227 4338 257 4405 a)
278 4343 354 4392 aceo.
373 4344 399 4394 a.
