3122 4852
218 231 269 310 86

221 401 337 480 civilis
365 401 547 478 societatis
575 395 837 473 fundamentum
869 406 947 488 est,
992 397 1069 472 sine
1100 420 1169 496 que
1199 397 1303 471 beata
1332 415 1416 469 esse
1547 391 1548 396 ’

221 501 356 581 Civitas
373 503 533 578 absolute
551 500 645 575 nulla
664 505 790 601 possit.
814 501 925 596 Igitur
941 501 1158 593 vigilandum
1177 511 1232 574 est
1249 500 1418 596 Principi‚

221 605 392 682 recines
421 603 646 697 Religionem
674 627 721 676 ex
748 605 863 676 anime
890 601 1028 692 colant,
1057 603 1330 696 accomodisque
1357 606 1419 672 in-

221 713 342 805 genio,
376 707 504 796 statui,
533 705 725 779 conditioni
742 706 869 778 litteris
898 705 1104 776 imbuantur.
1133 703 1162 776 Il
1193 727 1260 802 qua
1290 722 1419 776 sacro-

222 818 343 885 sancta
371 807 591 902 obligatione
615 810 674 900 Jus
704 810 798 880 circa
826 803 1023 902 Religionis
1051 809 1216 902 negotia,
1250 827 1418 880 necnon

221 915 316 985 circe
334 909 599 1000 educationem,
628 920 664 982 et
692 911 945 982 institutionem
972 909 1174 982 Juventutis
1203 911 1417 1006 pronissime

166 1034 170 1042 ·
222 1011 327 1089 alveo
356 1009 451 1102 fluit,
487 1011 579 1105 Regi
605 1011 806 1105 Hungariae
836 1011 1065 1106 caeteroquin
1095 1009 1192 1082 nulle
1225 1034 1296 1083 non
1327 1032 1418 1085 aevo

222 1116 425 1212 proprium,
453 1121 554 1187 etex
571 1124 711 1203 mente,
740 1133 918 1209 sensuque
947 1114 1067 1209 legum
1085 1114 1336 1188 exercendum.
1363 1113 1419 1187 De

224 1217 336 1315 priori
353 1217 472 1314 itaque
490 1216 611 1309 mode,
639 1215 682 1290 de
701 1215 813 1290 altera
831 1224 968 1314 postea.

687 1518 850 1606 capue
871 1519 959 1590 lx.
1083 1535 1088 1546 ·

328 1675 384 1758 lte
408 1674 510 1756 ture
535 1672 672 1777 Regis
699 1672 818 1756 'olleo
842 1673 1025 1777 Negotia
1050 1674 1314 1782 Religionis.

745 1849 783 1938 δ.
811 1849 897 1923 466.

506 2045 509 2054 ’
538 2025 751 2116 Impactae·
764 2025 833 2096 Jue
850 2027 955 2094 circo
972 2024 1106 2096 Sucro.

326 2169 517 2268 Imperanti
544 2170 717 2267 quandem
746 2171 839 2242 circa
858 2167 1011 2261 Negotia
1038 2167 1237 2263 Religionis
1257 2183 1422 2268 potesta-

225 2285 297 2346 tem
325 2285 550 2370 competere,
577 2276 641 2346 vix
664 2271 756 2342 ullus
786 2273 1033 2343 controvertit.
1062 2269 1151 2341 lllud
1184 2277 1277 2345 enirn
1304 2276 1419 2346 indis-

108 2413 114 2428 ·
226 2374 378 2448 solubile
397 2399 416 2446 a
434 2375 621 2466 Majestate
649 2371 871 2458 attributum,
901 2379 1025 2441 cuncta
1051 2392 1297 2466 cognoscere,
1332 2399 1421 2471 quae

226 2477 262 2548 in
281 2479 461 2549 territorio
481 2483 670 2570 geruntur,
699 2493 776 2543 eum
795 2493 866 2543 non
885 2472 927 2543 ad
954 2474 1153 2565 singulares
1182 2486 1314 2552 tantum
1332 2499 1421 2573 per-

226 2596 360 2667 sonas,
386 2599 510 2652 verum
539 2576 582 2648 ael
618 2595 848 2669 quaecunque
873 2574 1020 2646 moralia
1056 2596 1208 2670 corpora
1246 2577 1422 2652 referetur
1552 2561 1553 2620 f

196 2740 198 2744 .
229 2680 367 2770 (444),
392 2681 429 2750 in
458 2698 606 2772 querum
628 2679 762 2772 pariter
787 2698 931 2750 censum
958 2686 1084 2750 coetus
1103 2676 1303 2770 bominum,
1330 2683 1422 2753 intra

227 2779 356 2852 limites
391 2776 554 2852 Civitatis
594 2779 685 2851 banc
710 2777 771 2851 vel
799 2777 893 2849 illam
920 2777 1144 2869 Religionem
1171 2779 1420 2875 profitentium,

217 2881 398 2970 'veniunt,
424 2901 471 2952 ue
500 2882 641 2952 minimo
670 2878 774 2952 dubio
802 2878 917 2952 lecum
942 2881 1127 2976 relinquit:
1156 2881 1293 2977 Regem
1321 2883 1423 2956 Hun-

221 2982 350 3076 gariae
367 2981 476 3072 Jure,
503 3003 569 3080 per
598 3001 665 3054 nos
694 3001 825 3076 saepe,
854 3003 896 3052 ac
924 2985 1049 3056 iterum
1074 2986 1217 3056 nemine
1236 3005 1423 3082 supremae

224 3083 465 3181 lnspeetionis
485 3083 690 3179 designato,
718 3085 948 3180 prospicere,
977 3108 1019 3156 ac
1038 3107 1245 3182 procurare,
1277 3109 1322 3160 ne
1342 3087 1425 3184 quid

97 3187 104 3197 '
228 3189 419 3266 Sacrorum
437 3187 537 3259 titulo
566 3187 655 3258 elam
682 3187 837 3281 irrepat,
867 3210 944 3260 cum
970 3189 1097 3279 injuria
1116 3190 1346 3283 privatorum,
1365 3200 1425 3263 aut

229 3294 265 3362 in
291 3287 522 3383 Reipublicae
550 3287 821 3376 detrimentum,
845 3287 1000 3383 nihilque
1026 3288 1083 3362 bie
1109 3294 1283 3365 communi
1300 3291 1423 3364 felici-

227 3395 313 3481 tati,
342 3399 379 3463 et
395 3389 536 3486 legibus
555 3389 744 3463 adversum
763 3389 929 3464 obtineat.

752 3614 790 3702 ὃ.
818 3617 905 3692 467.

431 3774 650 3874 (lucrum
668 3788 910 3881 Religionem
928 3796 1067 3882 cepere·
1084 3798 1223 3884 aequat.
1236 3825 1254 3880 χ

331 3958 542 4033 Extenditur
558 3981 648 4032 vere
666 3959 755 4032 boec
772 3961 883 4055 Regis
902 3964 1015 4036 nestri
1032 3961 1260 4054 lurisdictie,
1289 3985 1424 4039 secun-

231 4065 310 4136 dum
328 4064 502 4159 positivae
528 4063 647 4153 legum
673 4062 939 4157 dispositiones·
958 4063 1181 4154 exercenda,
1210 4067 1253 4136 ed
1272 4071 1424 4162 quamli-

229 4165 290 4238 bet
318 4163 457 4256 quidem
486 4164 733 4254 Religionem,
761 4167 797 4235 in
826 4165 978 4257 Regno,
1015 4163 1245 4261 Partibusque
1276 4170 1423 4242 adnexis

229 4268 435 4356 vigentem,
464 4265 632 4337 nonnulle
665 4261 890 4338 nihilominus
916 4266 1076 4355 eJusdem
1102 4275 1324 4344 consectaria
1350 4265 1422 4346 nou

233 4367 328 4439 omni
344 4367 381 4438 in
400 4368 522 4464 speeie
542 4367 650 4442 cultui
668 4366 836 4465 applicari
853 4377 1015 4466 pessunt.
1146 4397 1149 4404 ⁴

394 4711 417 4770 a,
