3122 4852
223 315 297 392 loo

226 478 364 554 fructus
383 487 465 552 sunt
481 477 691 551 contermini
708 475 812 552 nohis
825 473 935 550 Cives
947 473 1241 562 Neostadicnsee,
1259 468 1422 544 Prulren-

223 601 299 672 ses,
327 577 626 674 Haimonrgenses
657 578 711 670 ⁸);
738 579 821 650 dein
847 576 1014 652 victualia
1040 574 1084 646 ad
1108 583 1225 647 castra
1250 572 1420 646 deferen-

223 693 281 756 tes
309 679 368 773 ');
404 691 475 755 tum
504 681 671 756 Salinarii
704 690 874 755 vectores
903 677 945 750 ab
984 685 1067 751 octo
1093 675 1207 750 hobus
1231 673 1423 770 jugalibus,

228 794 330 858 9911911
348 782 512 878 Regnum
528 783 683 857 uenditis
714 785 765 878 ·);
791 783 952 856 universi
978 780 1117 852 demum
1142 777 1275 875 absque
1293 778 1425 854 discri-

226 889 319 962 mine
337 885 450 959 relate
469 887 591 960 adres
609 881 702 958 inira
719 888 823 958 unius
842 881 970 956 doreni
987 883 1149 956 valorem
1178 876 1226 971 d).

745 1087 783 1173 §.
812 1089 898 1162 574.

504 1243 754 1316 consectaria
770 1241 881 1332 hujus
901 1238 1157 1334 oblo'pctz‘om'a.

224 1461 229 1470 .
332 1389 497 1487 Vectigal
521 1392 589 1462 rite
618 1393 845 1464 constitutum
873 1389 965 1462 hanc
991 1391 1063 1464 vim
1088 1386 1217 1478 hahet,
1244 1398 1282 1461 ut
1308 1389 1428 1484 quiqui

232 1495 276 1568 ad
295 1494 373 1585 ejus
401 1492 655 1590 doponsionem
684 1493 906 1588 obligantur,
934 1513 1073 1566 merces
1100 1492 1193 1588 apud
1210 1491 1429 1563 Tricesima-

232 1607 346 1671 torem
365 1597 470 1668 etiam
488 1617 560 1668 non
580 1597 747 1669 admoniti
764 1595 948 1692 profiteri,
976 1606 1013 1668 et
1032 1593 1183 1666 debitam
1202 1597 1430 1688 quantitatem

233 1699 378 1774 solvere
397 1705 606 1788 teneantur,
635 1698 790 1791 alioquin
808 1718 947 1770 merces
968 1696 1012 1769 ob
1032 1696 1334 1770 defraudationem
1352 1699 1430 1792 ipso

228 1804 310 1894 jure
330 1802 532 1872 amittuntur
562 1799 619 1890 ·),
647 1802 678 1872 si
698 1798 918 1871 defraudatio
939 1801 985 1871 sit
1003 1798 1209 1890 manifesta,
1230 1808 1265 1871 ct
1284 1798 1432 1870 defrau-

233 1903 336 1976 dator
367 1905 402 1973 in
429 1900 549 1992 facto,
578 1901 674 1997 qnod
702 1904 820 1994 ajunt,
859 1901 1115 1997 deprehensus.
1155 1901 1244 1973 Nam
1273 1904 1303 1976 si
1329 1900 1431 1972 dubia

234 2014 310 2095 est,
338 2006 442 2078 altius
459 2002 576 2076 forum
595 2003 735 2076 decidet
764 1999 825 2096 ¹];
853 2004 912 2078 ubi
929 2027 1019 2078 vero
1047 2003 1324 2078 defraudationis
1342 2025 1432 2100 per-

234 2117 396 2206 petratae
426 2128 554 2199 casus,
588 2107 649 2179 vel
683 2128 756 2180 non
782 2130 875 2182 vana
904 2108 1032 2180 indicia
1062 2107 1196 2180 tardius
1224 2106 1434 2202 prodierint,

235 2209 360 2286 Fiscus
379 2208 613 2282 excedentem
632 2231 751 2281 coram
771 2209 950 2282 ordinario
972 2232 1037 2283 suo
1056 2209 1137 2283 foro
1157 2211 1358 2298 conveniat,
1380 2217 1436 2282 est

237 2334 390 2387 necesse
419 2313 468 2402 ⁸).
507 2310 584 2384 Nec
611 2321 728 2383 tamen
754 2311 961 2385 conliseatio
988 2315 1155 2384 mercium
1175 2311 1220 2383 ob
1239 2333 1311 2384 non
1331 2313 1434 2386 solu-

237 2425 309 2488 tum
326 2411 483 2506 vectigal
499 2412 615 2485 locum
634 2413 765 2484 habere
783 2422 905 2508 potest
924 2417 1011 2488 citra
1037 2413 1144 2488 ullam
1157 2413 1289 2504 justam
1308 2413 1436 2489 aerarii

239 2514 470 2622 dalreudandi
493 2516 745 2614 suspicionem.

762 2721 800 2810 §.
829 2721 914 2796 575.

427 2862 528 2952 Quid
537 2877 742 2958 praetereo
761 2869 867 2939 circa
882 2837 964 2939 rem
981 2865 1255 2941 tra'ceaimclem.

343 3009 572 3109 Nequaquam
589 3016 626 3086 in
652 3016 731 3088 istis
749 3037 861 3113 pure,
890 3036 980 3111 quae
1004 3017 1209 3114 provocatis
1234 3016 1272 3088 in
1289 3034 1364 3089 rem
1382 3016 1442 3088 le-
1536 3073 1537 3076 .

241 3113 344 3210 gibus
362 3118 631 3207 recensuimus,
660 3140 745 3189 cura
773 3114 1002 3192 Comitiorum
1033 3120 1127 3190 circa
1146 3141 1221 3190 rom
1239 3121 1443 3192 tricesima-

243 3220 313 3291 lcm
332 3218 560 3310 substiterat3
589 3219 868 3294 sollicitabantur
886 3221 945 3294 illa
963 3220 1172 3317 frequenter
1198 3221 1241 3293 dc
1262 3221 1355 3294 lideli
1374 3220 1442 3293 0f-

245 3319 432 3412 dcialium,
458 3331 671 3419 proventum
700 3321 795 3396 hunc
820 3323 979 3419 regalem
1008 3327 1296 3422 procurantium,
1324 3330 1360 3396 et
1379 3343 1443 3395 se·
1536 3307 1537 3360 ss

245 3423 328 3496 dulo
357 3425 512 3497 muneris
539 3422 764 3520 implemento
796 3424 855 3517 ¹¹);
884 3448 986 3524 quem
1013 3429 1050 3499 in
1069 3425 1173 3499 linem
1195 3427 1268 3517 jam
1289 3425 1443 3499 investi-

247 3530 411 3623 gationes
433 3525 606 3602 adversus
626 3547 822 3619 excessus,
844 3533 902 3624 qui
920 3531 1110 3626 irrepsisse
1130 3529 1356 3617 ferebantur3
1373 3529 1444 3618 jam
1536 3599 1537 3634 ,

249 3631 414 3705 diversae
432 3636 470 3707 iu
488 3630 705 3708 excedentes
723 3653 789 3728 pro
809 3635 948 3706 ratione
975 3634 1273 3728 transgressionis
1292 3631 1442 3706 mulctae

249 3753 453 3771 *-

281 3810 294 3837 ⁸
343 3797 378 3852 dl
396 3838 402 3852 .
458 3838 465 3852 .

278 3803 516 3956 1119193-
535 3890 612 3942 1999.
631 3887 675 3944 19.
693 3921 728 3933 -
747 3889 824 3946 1911.
843 3892 887 3946 99.
904 3887 926 3957 o.
944 3892 987 3946 99.
1004 3916 1040 3930 -
1058 3893 1136 3946 1999.
1154 3893 1178 3944 1.
1197 3887 1221 3956 o.
1237 3889 1281 3942 99.

279 3974 760 4034 ηωωηωω.

278 4059 307 4127 1)
328 4060 404 4116 1199.
420 4063 463 4112 99.
481 4086 517 4094 -
536 4058 612 4114 1199.
631 4064 675 4116 aa.
694 4092 728 4104 -
748 4066 825 4118 1999.
845 4067 886 4117 19.

279 4147 305 4210 ο)
325 4147 458 4200 199917.
475 4147 663 4208 -191919
679 4180 713 4191 -
728 4153 804 4208 1999.
820 4152 862 4204 so.

280 4232 311 4296 r)
332 4236 409 4286 1919.
430 4236 472 4285 19.

282 4321 308 4376 ι)
328 4321 370 4370 nx
386 4319 478 4369 menta
493 4320 552 4370 191.
569 4319 742 4386 sameas.
760 4323 785 4374 9.
852 4290 855 4298 ’

282 4396 518 4538 ΙΙ111111119119ἰὴ-
538 4406 615 4458 1999.
637 4403 680 4458 11.
705 4407 833 4460 -1999,
858 4406 902 4458 eo.
928 4407 1100 4460 -19991,
1120 4427 1155 4440 -
1177 4399 1199 4468 o.
1219 4399 1342 4456 91919.
1365 4399 1407 4456 aa.
1422 4406 1449 4453 99

333 4497 348 4533 a
378 4499 393 4535 9
423 4501 456 4553 eg
484 4524 491 4542 .
