3094 4868
219 211 293 287 226

220 379 356 455 residet
379 374 465 452 illud
504 371 643 472 quidem
670 373 707 444 in
747 369 901 464 collegio
932 370 1085 448 Senatus
1113 367 1316 458 interioris,
1355 367 1423 442 sed

221 483 488 558 communitatis
513 477 651 549 electae
671 475 748 548 sive
769 475 938 564 consilio,
967 477 1046 548 sive
1074 492 1253 544 consensu
1277 483 1423 566 tempe-

218 597 353 674 ratum3
382 584 482 673 cujus
513 587 637 674 utpote
668 579 843 652 sententia
862 599 1059 674 persaepe,
1089 576 1172 668 quin
1200 577 1235 645 in
1255 581 1422 646 oeconoss·

219 693 320 762 micis
341 695 491 758 annulus
519 703 660 777 quoque
688 683 894 752 necessario
914 681 1112 776 requiritur.
1143 675 1188 748 Ut
1219 679 1312 747 enim
1329 698 1423 770 pro-

217 795 331 888 prium
351 787 547 877 subjectum
574 783 709 854 Jurium
729 779 873 856 Civitati
892 782 1164 877 competentium
1189 782 1267 873 ipsa
1286 788 1341 850 est
1359 782 1423 850 in-

219 906 320 986 tegra
340 891 491 962 omnium
510 885 647 958 Civium
665 884 928 971 Communitas3
956 888 1004 955 ita
1022 882 1249 972 Magistratus
1269 889 1420 973 uterque

218 1000 255 1066 in
275 993 439 1086 Collegio
458 989 625 1062 Virorum
650 989 839 1074 consistit,
868 986 931 1058 suh
959 986 1179 1057 auctoritatis
1205 983 1328 1072 regiae
1351 1004 1422 1052 ae-

220 1097 301 1192 gide
322 1095 561 1180 delectorum,
590 1091 741 1184 quirem
768 1109 987 1160 communem
1008 1083 1170 1157 Civitatis
1199 1082 1243 1153 ad
1261 1103 1423 1153 normam

219 1201 351 1294 legum,
378 1193 661 1292 privilegiorum,
690 1190 952 1288 particularium
981 1188 1218 1278 statutorum,
1247 1193 1283 1256 et
1311 1183 1423 1256 Ordi-

218 1305 400 1374 nationum
416 1299 595 1390 regiarum
614 1293 813 1392 perficiunt.

738 1498 777 1585 §.
805 1499 890 1572 712.

708 1645 928 1738 Medusque.

319 1795 462 1868 Interim
480 1795 605 1868 modus
624 1797 692 1867 iste
712 1791 1024 1864 administrationis
1049 1794 1209 1864 internae
1229 1807 1421 1888 quantum-

219 1902 275 1975 vis
293 1899 339 1972 ad
356 1898 562 1994 popularem
580 1901 694 1990 magis
713 1919 760 1968 ex
778 1900 857 1991 ipso
873 1893 1059 1968 Civitatum
1078 1897 1240 1968 instituto
1258 1901 1418 1991 accedat

219 2002 262 2073 ad
291 2001 512 2073 incommoda
539 2010 655 2074 tamen
685 1998 910 2072 individualis
938 1998 1094 2090 suffragii
1121 1998 1421 2090 singillativorum

218 2107 421 2199 promiscue
442 2101 581 2176 Civium
600 2101 786 2190 evitanda,
815 2100 981 2172 uniformi
1015 2099 1244 2193 complurium
1262 2101 1422 2177 Secula—

218 2229 295 2278 rum
324 2223 391 2278 usu
418 2206 477 2295 jus
507 2204 694 2275 electionis
723 2201 952 2294 Magistratus
986 2204 1023 2272 in
1057 2199 1266 2274 Civitatibus
1305 2227 1421 2299 penes

218 2309 355 2378 electos
376 2304 484 2378 Cives
504 2315 580 2395 est,
608 2305 734 2399 quibus
752 2325 818 2398 per
841 2307 978 2396 regium
997 2303 1186 2392 indultum,
1215 2315 1297 2376 aute
1322 2329 1420 2402 pau-

217 2431 279 2482 cos
306 2429 418 2480 annos
452 2427 685 2496 concessum,
722 2428 788 2501 pro
820 2409 959 2477 ratione
994 2406 1162 2495 majoris,
1200 2409 1420 2502 minorisque

215 2515 375 2599 numeri,
403 2508 494 2582 alios
521 2530 660 2606 quoque
685 2505 731 2578 ad
756 2505 943 2580 solennem
971 2528 1050 2582 eum
1078 2515 1212 2598 actum,
1241 2529 1304 2581 suo
1335 2511 1420 2584 sui-

216 2611 332 2706 fragio
353 2612 574 2706 augendum,
603 2631 813 2704 aggregare.
1342 2645 1346 2658 ·

743 2831 780 2918 §.
809 2832 895 2904 713.

454 2980 616 3052 tintcum
642 2980 909 3072 Mopt'atrotum
935 2979 1187 3052 restaurandi.

317 3123 539 3201 Electionem'
567 3130 771 3204 interventu
800 3148 987 3225 supremae
1014 3129 1234 3200 auctoritatis
1260 3125 1335 3200 fieri
1353 3131 1419 3198 in-

213 3225 387 3316 nuebam3
414 3239 634 3302 restauratur
665 3234 757 3303 enim
785 3229 1014 3324 Magistratus
1033 3251 1170 3320 annue,
1199 3241 1257 3302 aut
1286 3233 1418 3326 quovis

214 3327 380 3419 hiennio,
406 3330 468 3405 vel
495 3334 646 3405 triennio
673 3355 737 3429 pro
757 3353 856 3404 more
882 3331 1088 3428 plerumque
1116 3353 1163 3402 ex
1179 3335 1258 3426 ipso
1279 3329 1419 3402 eliber-

212 3431 357 3503 tationis
377 3431 569 3528 Privilegio
598 3433 773 3524 desumto,
802 3438 1060 3528 impetratoque
1090 3441 1237 3507 eatenus
1267 3433 1419 3527 speciali

212 3533 348 3606 indultu
366 3539 496 3630 regio;
525 3547 560 3609 et
580 3540 611 3609 si
628 3537 675 3606 ita
694 3538 817 3628 regiae
836 3535 1015 3626 Majestati
1041 3533 1207 3624 videtur,
1235 3532 1420 3608 Commis-

213 3639 308 3709 sario
327 3642 429 3728 regio
449 3641 734 3732 interveniente,
762 3636 807 3709 ad
835 3660 937 3732 quem
966 3638 1025 3728 jus
1044 3659 1109 3732 pro
1140 3637 1267 3710 officiis
1288 3635 1421 3708 candi-

214 3735 318 3810 dandi
339 3741 522 3830 pertinet3
558 3738 652 3834 quod
679 3760 783 3812 secus
811 3739 957 3814 Senatui
985 3738 1146 3814 relietum
1183 3737 1341 3812 habetur.
1384 3737 1421 3809 Ε

211 3859 358 3910 numero
388 3841 507 3934 itaque
533 3839 978 3934 propositorumCousul‚
1013 3839 1146 3930 tuden,
1183 3839 1419 3935 Gapiraneus,

211 3943 323 4036 prima
342 3950 464 4035 utpote
484 3946 519 4013 in
546 3941 755 4036 Magistratu
782 3941 904 4014 Officia
925 3952 1112 4030 tenentes,
1141 3965 1209 4014 nec
1237 3943 1422 4014 non'Tri-

210 4041 326 4115 hunus
354 4042 493 4137 plebis,
520 4053 592 4115 tum
624 4043 803 4116 Officiales
834 4044 962 4140 reliqui
991 4043 1198 4140 periodicas
1229 4043 1423 4135 subjacent

213 4143 502 4232 Restaurationi3
531 4167 602 4216 non
637 4136 970 4235 item'Senatores‚
1006 4154 1111 4240 atque
1153 4146 1258 4218 electi
1289 4143 1419 4236 Cives⁹

213 4265 362 4336 quorum
380 4267 503 4317 munus
524 4245 649 4318 stabile
666 4255 734 4319 est.
754 4249 867 4319 Actus
885 4268 975 4320 vero
995 4246 1292 4341 Restaurationis‚
1313 4269 1421 4323 sem-

209 4359 282 4437 per
297 4349 398 4438 regia
415 4349 561 4444 insuper
580 4347 715 4442 indiget
733 4347 1011 4422 confirmatione.
1120 4367 1123 4372 ’
