3094 4868
165 249 244 324 200

164 439 280 516 nuper
297 417 483 509 abolitum,
511 417 661 506 coaluit,
687 437 752 514 per
778 408 872 510 quon
895 413 1009 509 Regia
1033 415 1204 510 llajestas
1224 438 1365 488 execu-

165 523 274 594 tivam
293 528 528 618 potestatem,
552 520 690 614 qualern
707 519 830 590 Eidem
847 521 1026 614 propriam
1044 541 1126 592 esse
1147 519 1367 612 dispeximus

169 625 309 714 (320),
336 625 373 694 in
400 622 554 717 politicis
582 624 736 715 negotiis
766 620 943 692 ordinarie
973 621 1192 708 exercebat3
1219 631 1257 692 ut
1275 620 1367 692 adeo

168 747 217 798 ex
233 728 302 798 isto
330 728 494 818 praecise
522 723 643 795 obtutu
670 723 772 815 leges
797 722 880 794 illae
909 726 1123 815 organicae,
1151 733 1257 816 atque
1276 723 1370 793 aliae

169 829 285 900 serius
316 825 479 896 conditae
504 827 770 918 processerint,
798 845 890 917 quac
919 828 1183 913 auctoritatem,
1211 833 1247 894 et
1272 824 1372 895 obli-

168 931 332 1022 gationes
351 927 498 1017 hujusce
518 922 666 998 Consilii
693 925 945 1013 definiverunt,
972 925 1125 1021 indeque
1158 927 1271 1000 omnis
1290 926 1371 1020 ejus

171 1027 216 1104 ad
232 1027 388 1126 Regem,
417 1039 453 1102 et
469 1029 632 1124 Regnum
648 1028 774 1102 relatio
794 1027 969 1100 metienda
988 1031 1044 1100 sit.

693 1230 732 1320 §.
760 1232 844 1307 666

426 1382 490 1459 Ad
510 1382 671 1474 aegram
696 1383 932 1472 Mojestatem
957 1382 1109 1458 relatio.

273 1551 371 1628 llaec
389 1553 629 1651 principaliter
647 1555 683 1625 in
702 1576 746 1625 eo
767 1553 942 1644 substitit,
969 1556 1064 1650 quod
1084 1553 1277 1628 Consilium
1296 1556 1373 1628 Lo-

174 1657 444 1730 cumtenentiale
471 1679 491 1727 a
521 1676 654 1728 summo
684 1657 869 1750 Principe,
897 1661 1107 1753 nemineque
1135 1658 1204 1730 alio
1234 1658 1374 1753 depen-

174 1759 256 1830 deat
285 1758 339 1846 ⁸),
376 1778 647 1852 supremumque
677 1761 722 1828 sit
740 1760 794 1828 rei
819 1758 985 1850 politicae
1003 1763 1039 1830 in
1064 1761 1190 1852 Regno
1211 1761 1372 1851 dirigen-

174 1859 241 1931 dae
259 1859 493 1930 Dicasterium
523 1857 579 1947 ¹t);
597 1861 744 1954 primum
763 1863 922 1931 universi
940 1860 1055 1954 Regni
1074 1859 1261 1948 ἀυτονομιαν
1282 1884 1373 1932 con-

174 1963 300 2054 tingit,
328 1961 481 2055 illudque
501 1959 716 2050 secumiert,
743 1971 781 2032 ut
808 1959 1016 2052 referenda,
1056 1971 1115 2033 aut
1140 1962 1374 2057 proponenda

175 2065 235 2136 via
254 2063 393 2157 quidem
411 2059 654 2136 Cancellariae
672 2062 909 2157 hungaricae,
937 2073 992 2136 ast
1019 2064 1218 2136 immediate
1237 2064 1373 2156 Regiae

177 2164 356 2254 Majcstati
384 2164 623 2254 submitteret,
652 2166 845 2258 eademque
863 2169 922 2238 via
950 2187 1182 2260 responsum,
1211 2188 1252 2236 ac
1271 2189 1374 2237 man-

179 2263 259 2340 data
273 2267 346 2358 jam
357 2263 487 2336 melio
513 2266 680 2356 Decreti,
704 2268 776 2357 jam
794 2289 859 2361 per
887 2267 1110 2363 Rescriptum
1130 2289 1376 2362 consequere-

178 2377 246 2439 tur.
273 2367 365 2438 Dein
393 2365 429 2437 id
458 2388 621 2461 quoque,
649 2368 743 2462 quod
761 2379 914 2439 mutuum
937 2370 1020 2440 licet
1048 2392 1124 2440 cum
1143 2370 1288 2464 reliquis
1304 2371 1375 2460 Di-

180 2471 342 2541 casteriis
369 2470 405 2540 in
423 2468 576 2561 Regno,
603 2469 664 2542 vel
683 2473 835 2541 caeteris
853 2470 1079 2567 Imperatoris
1099 2471 1287 2543 ditionibus
1306 2493 1377 2542 ne-

179 2571 355 2661 gotiorum
381 2574 629 2644 commercium
657 2569 825 2662 foveret,
853 2573 982 2648 nullius
1012 2584 1164 2646 attamen
1194 2573 1377 2646 decisione

178 2673 215 2743 in
232 2670 310 2760 his,
338 2693 430 2765 quac
449 2692 547 2744 suam
566 2677 774 2768 contingunt
797 2675 1013 2771 agendorum
1031 2678 1263 2771 provinciam,
1282 2675 1378 2772 liga-

179 2782 304 2864 retur,
331 2793 455 2846 verum
473 2776 577 2850 unius
597 2776 765 2851 duntaxat
782 2778 894 2872 Regis
915 2777 1105 2855 ordinibus.

704 2979 741 3068 §.
769 2983 854 3055 665.

507 3129 758 3246 Iljuadeche
779 3155 852 3226 per
876 3137 1056 3226 Regnum.

286 3297 456 3394 Suprema
483 3321 572 3372 vero
598 3324 716 3372 rerum
743 3304 962 3398 politicarum
988 3305 1134 3375 directio
1164 3305 1278 3376 eidem
1304 3325 1377 3374 uon

186 3398 291 3472 modo
323 3422 388 3495 per
413 3401 646 3493 Hungariam,
679 3426 803 3477 uerum
832 3409 867 3476 in
898 3406 1095 3478 Provinciis
1125 3430 1266 3501 quoque
1300 3403 1381 3475 huic

189 3499 336 3572 adnexis
357 3524 403 3573 ex
430 3501 569 3594 legibus
598 3504 713 3575 delata
743 3507 799 3595 ⁰),
826 3510 863 3578 in
880 3511 1066 3581 universas
1094 3508 1209 3601 Regni
1227 3507 1382 3578 Jurisdi-

190 3603 327 3674 ctiones
364 3602 649 3696 ecclesiasticas,
678 3629 720 3676 ac
756 3607 879 3682 civiles
917 3631 999 3681 sese
1035 3612 1263 3704 exporrexit,
1298 3617 1381 3703 puta

187 3703 413 3780 Dioecesium
444 3705 655 3794 Antistites,
686 3706 898 3799 Comitatus,
930 3709 1099 3784 Civitates
1132 3711 1285 3798 liberas,
1312 3709 1381 3778 Di-

190 3805 334 3875 strictus
365 3806 630 3899 privilegiales,
658 3818 762 3900 atque
791 3807 1003 3882 Gubernium
1027 3811 1261 3884 Fluminense.
1301 3807 1382 3879 Non

188 3923 293 3976 secus
313 3904 356 3975 ad
374 3905 565 3998 litteraria,
595 3904 793 4002 etreliqua
821 3910 982 3984 instituta
1008 3914 1171 4009 publica,
1200 3911 1243 3982 ad
1271 3908 1382 4004 Capi·-

187 4005 261 4076 tula
285 4005 443 4097 demum,
469 4009 805 4106 Religiosorumque
834 4009 1080 4087 Contubernia.
1128 4013 1229 4086 Unde
1258 4019 1383 4117 suapte
1497 4003 1499 4012 ’

180 4152 383 4170 ᾖ...

215 4215 244 4281 ι)
262 4220 340 4272 me.
355 4225 415 4276 mr.
433 4249 469 4266 -
486 4220 565 4279 1⁷4¹.
582 4228 626 4280 11.
645 4249 679 4266 -
696 4229 775 4283 1791.
795 4233 838 4287 17.
964 4233 970 4246 ·

217 4299 245 4364 u)
265 4304 343 4360 noo.
360 4306 402 4362 m.

218 4383 243 4456 ο)
262 4388 340 4444 tneo.
358 4393 402 4447 aa.
