3122 4852
253 233 324 307 142

250 428 316 502 per
343 403 545 477 continuum
575 400 769 474 institutum
781 395 1018 490 regulatarum
1036 395 1237 488 legionum,
1258 413 1348 488 quae
1368 392 1453 468 sive

250 507 361 580 libera
381 504 628 592 conductione,
658 500 867 597 quandoque
886 499 1166 571 -necessitate
1186 496 1221 568 id
1239 495 1379 570 ferente
1397 530 1457 546 -

252 613 444 683 statutione
464 602 620 694 decreta,
647 627 694 676 ex
710 604 770 676 illa
788 605 893 674 etiam
921 599 1097 672 hominum
1128 599 1244 672 classe
1272 597 1456 694 legeban-

250 721 321 800 tur,
347 718 452 805 prout
481 706 649 803 deinceps
686 708 790 778 etiam
818 707 967 778 maxima
997 706 1051 776 sui
1088 711 1190 799 parte
1220 708 1454 789 summantur,

252 813 345 886 uude
375 819 478 882 antea
505 812 629 905 copiae
663 807 906 895 banderiales,
942 814 978 877 et
1005 805 1161 902 portales
1184 802 1455 888 consistebant,

251 935 329 986 cum
371 912 521 1005 denique
539 932 672 984 nervus
707 921 895 1006 praeterea
919 908 988 980 huc
1020 908 1228 982 deserviens
1256 909 1292 978 in
1316 905 1455 976 milita-

251 1037 326 1087 rem
345 1014 640 1087 contributionem
658 1015 841 1106 potissima
867 1015 921 1085 sui
938 1024 1039 1108 parte
1066 1011 1260 1084 destinatus
1288 1027 1455 1081 couver-

251 1128 366 1206 tatur3
395 1115 521 1187 abinde
540 1114 757 1187 nobilitatem
782 1114 849 1184 bac
867 1113 1092 1207 obligationis
1119 1114 1240 1207 specie
1269 1131 1342 1184 uon
1370 1129 1455 1178 am-

250 1219 342 1316 plius
372 1219 465 1290 omni
481 1215 698 1311 plenitudine
718 1219 861 1310 gravari
877 1219 1051 1314 potuisse,
1079 1216 1196 1311 quivis
1224 1231 1357 1309 aequus
1378 1203 1455 1281 ‘re-

250 1341 327 1392 rum
356 1317 487 1392 arbiter
517 1317 621 1390 facile
648 1321 852 1416 perspiciet.

801 1521 810 1539 .
840 1469 924 1542 561.

635 1469 890 1686 Explodatur
914 1611 1075 1670 tenores.

351 1741 470 1834 Atque
491 1740 573 1812 binc
596 1745 827 1838 repetendum
850 1748 969 1834 venit,
998 1743 1093 1842 quod
1116 1751 1330 1815 memoratus
1358 1739 1450 1808 arti-

251 1843 350 1914 culus
380 1842 426 1930 ⁸),
444 1843 502 1934 qni
529 1841 587 1912 bic
610 1845 774 1938 palmaris
799 1859 876 1938 est,
896 1847 1195 1920 insurrectionem
1212 1841 1375 1914 -nulla
1403 1839 1448 1909 de

250 1944 379 2038 portali
398 1943 491 2014 lacta
509 1949 686 2017 mentione
704 1987 757 2002 —-
785 1950 828 2021 ad
847 1950 1071 2046 personalem
1090 1949 1272 2041 deinceps,
1299 1954 1336 2016 et
1356 1941 1449 2012 edu·
1517 2009 1518 2012 ,

251 2045 363 2116 cenda
400 2049 689 2139 respective
716 2050 889 2125 Randeria
943 2051 1083 2146 deligat.
1137 2051 1212 2136 Qua
1257 2047 1449 2143 posteriori

252 2148 500 2218 enunciatione
529 2147 700 2222 reflexum
728 2155 896 2247 imprimis
915 2154 980 2226 fuit
1005 2152 1048 2224 ad
1067 2175 1131 2225 eos
1161 2171 1302 2239 omnes,
1331 2149 1449 2242 quiin

249 2270 317 2319 usu
336 2249 459 2320 similis
483 2251 626 2322 militiae
645 2252 760 2325 relicti
778 2253 940 2343 fuerant,
967 2258 1017 2325 uti
1047 2267 1127 2329 sunt
1145 2251 1346 2324 Praedialos
1372 2247 1448 2318 Ec-

251 2350 451 2436 closiarum,
480 2357 516 2418 cl
533 2350 708 2423 Banderia
734 2353 952 2427 adnexorum
986 2355 1191 2450 Regnorum
1210 2353 1251 2446 ὕ)
1267 2377 1277 2442 3
1293 2353 1375 2423 'tum
1404 2347 1449 2419 ud

252 2450 464 2522 decimarum
482 2452 653 2542 regalium
671 2466 882 2547 proventum
902 2455 1006 2529 Clero
1027 2451 1296 2542 obvenientem3
1316 2454 1446 2526 adeam

249 2552 404 2644 danique
420 2550 691 2646 privilegiatam,
719 2575 761 2625 ac
778 2556 1003 2654 multiplicem
1031 2547 1223 2633 incolarum
1242 2556 1447 2651 ignobilium

250 2656 421 2740 classem,
454 2655 514 2744 qui
542 2652 626 2724 licet
663 2655 707 2726 ad
732 2661 971 2751 personaliter
998 2665 1250 2760 insurgendum
1287 2662 1446 2736 obstricti

250 2752 344 2870 haud
372 2756 454 2839 sint,
483 2753 674 2828 secundum
693 2767 809 2832 ‘tamen
828 2766 1089 2858 antiquissima,
1115 2789 1228 2862 eaque
1254 2765 1447 2858 obligantia

250 2853 426 2943 llaJorum
444 2855 615 2946 instituta,
643 2859 849 2958 plerumque
868 2867 954 2959 ipsis
974 2871 1170 2963 privilegiis
1190 2868 1389 2951 irradicata,
1411 2874 1448 2934 et

157 2975 160 2980 ·
252 2956 297 3028 ob
325 2957 469 3051 propria
508 2955 573 3027 sibi
609 2960 789 3054 pecularia
813 2964 986 3040 beneficia
1013 2993 1228 3044 concurrere
1264 2969 1308 3040 ad
1335 2987 1445 3039 onera

250 3057 539 3148 insurrectionis,
568 3066 833 3159 communisque
861 3067 999 3142 Patriae
1024 3071 1270 3145 defensionem
1298 3070 1340 3141 ad
1368 3089 1447 3139 eam

195 3259 199 3268 .
251 3160 343 3232 diem
361 3158 583 3251 tenebantur,
609 3162 745 3236 liberae
764 3170 937 3258 nimirum,
964 3177 1156 3267 regiaeque
1176 3159 1365 3260 Civitates,
1379 3191 1449 3241 nec

194 3271 197 3276 ’
249 3284 324 3335 non
358 3262 547 3334 Districtus
585 3269 736 3356 exemti,
782 3279 886 3362 atque
914 3276 1042 3370 oppida
1071 3277 1259 3370 complura.
1299 3273 1448 3345 Domum

249 3362 376 3436 eadam
399 3362 466 3432 hac
484 3371 732 3441 enunciatione
767 3370 852 3442 illud
871 3393 1010 3471 quoque
1039 3376 1323 3469 subintelligitur,
1351 3369 1448 3466 qnod

251 3475 321 3538 tam
340 3468 416 3559 ipsa
434 3461 620 3556 Nobilitas,
649 3491 750 3562 quam
765 3477 877 3544 omnis
904 3474 993 3548 baec
1019 3480 1139 3550 militia
1156 3479 1274 3572 Regni
1296 3477 1447 3572 reliqua,

251 3569 287 3638 in
314 3587 419 3638 unum
438 3564 600 3657 conflata,
629 3570 693 3641 sub
715 3572 880 3665 Vexillis,
909 3581 986 3650 sive
1004 3577 1255 3652 Banderiis
1283 3596 1449 3670 respe-

152 3750 154 3755 .
253 3671 488 3739 ctivorum
517 3665 824 3746 Comitatuum
851 3679 887 3748 in
915 3701 1071 3775 campum
1097 3680 1276 3766 educenda
1294 3678 1449 3752 venerit.

296 3786 334 3866 ω)
360 3786 444 3857 Quae
480 3789 570 3849 modo
602 3790 732 3874 inillis
772 3797 917 3876 partibus
958 3809 1253 3881 commanserunt,
1296 3796 1451 3878 originem
1542 3817 1543 3844 1

201 3967 204 3972 Ι
340 3876 484 3968 repetunt
500 3871 556 3968 'vel
585 3876 716 3940 maxime
747 3882 944 3946 acontinuis
975 3886 1181 3950 barbarorum
1203 3882 1452 3956 incursionibus,

244 4009 248 4016 .
306 4023 310 4032 ,
343 3952 578 4034 quaa,‚1b1dem
616 3959 773 4026 Nobilitas
815 3985 1037 4050 saepenumero
1071 3973 1307 4056 experiebatur3
1356 3977 1454 4048 utque

340 4040 492 4136 aduersus
515 4042 637 4104 casdem
660 4046 850 4128 aliquantum
873 4057 972 4119 tutior
993 4066 1114 4140 ageret,
1144 4057 1272 4121 colonos
1295 4054 1409 4135 partim
1435 4070 1455 4112 a
1542 4099 1543 4128 ;

340 4122 474 4222 reliquus.
492 4130 756 4223 praestationibus
775 4137 952 4221 relevando,
975 4144 1086 4224 parlim
1111 4145 1261 4223 coloniae,
1285 4165 1300 4207 e
1321 4147 1454 4204 canter·
1542 4129 1543 4176 ³

342 4219 434 4264 mvnvs
456 4203 650 4282 Regrombus
674 4229 827 4300 evocatae,
851 4235 941 4308 atquo
965 4229 1049 4292 omni
1070 4229 1177 4294 labore
1194 4231 1295 4295 rurali
1315 4234 1455 4288 eremias

257 4306 461 4324 '‘fl-¹¹¹⁸·-

285 4351 310 4414 0)
330 4352 380 4402 ott.
399 4354 475 4406 1715.
494 4356 519 4408 8.
