3122 4852
234 251 304 335 tra
403 223 414 236 ’
824 366 828 372 ἡ

232 449 333 522 quern
361 397 543 518 vidimus,
571 427 792 524 adoptatam,
818 427 1020 504 Nobilitatis
1050 428 1229 526 exemptio
1258 425 1301 500 ab
1330 429 1432 502 omni

230 529 411 602 tributaria
441 532 636 618 servitute,
663 551 796 624 porro,
823 540 861 602 ut
889 543 992 606 antea
1019 531 1156 618 fuerat,
1184 533 1309 604 illaesa
1335 529 1433 600 sub·
1546 621 1547 626 Ἰ

232 634 342 718 stitit3
370 652 472 722 quam
499 635 534 702 in
553 653 648 718 rem,
676 634 864 702 sicaetera
893 634 1080 720 deessent,
1108 635 1347 705 testimonium
1365 630 1433 702 le·
1546 627 1547 636 ’

199 753 297 822 rges
324 736 546 826 posteriores
577 733 609 822 ⁸)
641 731 913 805 subministrant.
951 733 1023 808 Sed
1057 755 1192 806 morem
1227 755 1354 825 magna
1390 733 1433 804 in

231 832 347 924 Regni
364 843 465 926 parte
486 832 527 904 ab
557 855 600 904 eo
621 855 760 927 quoque
787 841 947 929 tempore
965 857 1107 931 semper
1134 836 1385 920 continuatum,
1408 857 1431 904 a

233 931 438 1020 Nobilibus,
481 933 697 1006 colonicales
741 935 870 1007 fundos
910 936 1134 1026 tenentibus,
1179 935 1436 1008 obvenientem

233 1033 314 1104 inde
334 1035 629 1107 contributionem
648 1035 832 1128 exigendi,
861 1038 1028 1124 cardinali
1046 1038 1128 1110 huic
1154 1039 1433 1131 praerogativae

234 1133 417 1206 adversari
436 1137 575 1230 qnidam
593 1139 723 1207 acriter
742 1138 1013 1228 contendebant,
1041 1140 1136 1234 quod
1154 1138 1302 1233 amplam
1322 1159 1436 1233 saepe

234 1257 380 1308 numero
400 1236 620 1332 disceptandi
639 1241 842 1334 propinavit
860 1243 1040 1312 materiam
1070 1237 1116 1331 bJ.
1143 1259 1146 1265 '

774 1443 800 1528 §
839 1445 923 1517 610.

544 1593 675 1665 Utrum
703 1598 815 1664 etium
842 1593 975 1683 quoad
991 1592 1148 1686 fiendas.

338 1737 513 1832 Quidquid
544 1742 683 1809 interim
720 1740 891 1810 adversus
934 1760 1034 1810 usum
1061 1742 1187 1828 istum,
1235 1760 1338 1833 quem
1365 1738 1428 1811 lex

234 1837 307 1928 jam
327 1837 457 1910 diserta
477 1843 578 1933 sequi
594 1861 659 1934 per
677 1841 881 1912 universum
898 1839 1060 1933 Regnum
1084 1840 1186 1930 jubet
1216 1842 1269 1930 ⁰),
1297 1845 1333 1912 in
1350 1862 1433 1910 me-

239 1938 331 2013 dium
350 1939 537 2032 aliquando
558 1940 698 2012 allatum
717 1941 844 2028 fuerit,
873 1952 1007 2014 certum
1025 1942 1179 2014 monebit
1207 1963 1371 2036 semper,
1399 1951 1438 2013 et

238 2062 302 2136 per
322 2045 511 2134 genuinum
528 2041 646 2135 legum
664 2041 730 2114 huc
748 2043 949 2115 iacientium
968 2063 1131 2130 sensum,
1156 2046 1307 2138 ipsoque
1325 2065 1437 2137 prae-

111 2141 113 2148 ’
239 2145 359 2237 primis
379 2142 629 2215 fundamentali
647 2144 707 2216 illo
728 2143 827 2216 titulo
848 2149 882 2220 9.
911 2146 948 2216 Ρ.
969 2142 995 2214 Ι.
1016 2143 1278 2231 confirmatum
1306 2165 1435 2215 exem-

199 2244 201 2248 ’
239 2248 394 2332 tionem,
423 2268 489 2339 qua
509 2246 647 2316 scilicet
665 2247 719 2316 sui
737 2255 838 2339 parte
856 2245 1003 2318 Nobiles
1030 2266 1102 2316 non
1121 2244 1235 2318 solum
1261 2245 1436 2317 relate-ad

240 2366 436 2442 personas,
463 2346 586 2417 sedin
613 2345 720 2416 rebus
740 2344 842 2416 simul
860 2350 951 2434 suis,
979 2345 1021 2416 ab
1052 2350 1146 2418 omni
1165 2348 1433 2437 conditionarin,

241 2456 278 2521 et
304 2446 486 2521 tributaria
514 2449 687 2518 servitute
721 2451 891 2520 immunes
917 2450 1150 2542 pronunciat,
1177 2470 1266 2520 nou
1293 2449 1433 2537 ultra,

171 2573 178 2580 ·
240 2558 279 2619 ut
309 2551 508 2641 posterior,
536 2570 638 2640 quam
669 2551 761 2638 cito,
789 2551 859 2638 ait,
894 2551 1124 2622 terminos
1162 2550 1436 2620 territorio-

240 2670 336 2720 rum
361 2670 567 2720 suorum:
598 2670 670 2730 uon
688 2650 779 2725 ultra
798 2651 990 2723 eorundem
1008 2651 1261 2745 proprietatem
1279 2649 1432 2725 extendi.

241 2749 307 2835 Qui
326 2753 419 2820 enim
442 2769 548 2822 secus
578 2747 655 2820 fieri
679 2754 876 2844 potuisset,
903 2763 942 2823 ut
967 2750 1116 2824 Nobiles
1135 2772 1200 2824 seu
1227 2751 1271 2822 ad
1290 2749 1433 2823 Contri-

240 2850 419 2922 butionem
446 2872 466 2919 a
494 2849 611 2924 fundis
637 2851 822 2940 civilibus,
851 2852 1022 2948 alterique
1049 2851 1291 2924 Jurisuiotmm
1320 2850 1435 2922 obno-

241 2953 333 3038 xiis,
362 2953 440 3023 sive
473 2951 517 3021 ad
542 2953 734 3024 servitutes
760 2952 977 3042 dominales,
1006 2953 1049 3024 ab
1076 2952 1308 3024 urbarialibus
1327 2973 1443 3048 prae-r

234 3052 407 3142 'standas,
436 3063 661 3141 constanter,
691 3063 795 3148 atque
821 3054 949 3149 ubique
979 3078 1043 3151 per
1070 3054 1230 3146 Regnum
1248 3053 1434 3149 pertrahe-

242 3155 393 3226 rentur?
420 3158 450 3226 si
480 3154 524 3226 ad
551 3157 698 3252 quaevis
729 3160 892 3250 precario
923 3158 1022 3227 titulo
1051 3175 1242 3251 possessa,
1282 3157 1433 3228 exemtio

243 3255 379 3328 isthaec
398 3257 474 3329 sine
494 3257 694 3328 discrimine
713 3257 892 3329 intellecta
911 3257 1051 3330 fuisset.

767 3459 803 3546 ὅ.
832 3460 918 3532 611.

516 3605 797 3679 Concridott‘ooz'
817 3628 926 3680 eccos
954 3606 1173 3680 odooaa‘oe?

347 3758 581 3847 Posteaquam
610 3756 747 3826 scilieet
771 3777 926 3845 nervus,
954 3776 1057 3850 quem
1075 3758 1323 3828 insurrectioni
1351 3778 1435 3849 por-

243 3858 305 3930 tali
324 3855 509 3952 aliquando
533 3863 706 3925 sacratum
725 3855 836 3927 luisse
857 3861 1106 3951 conspeximus
1126 3858 1261 3949 (560),
1288 3878 1353 3951 pro
1378 3859 1434 3928 in-

243 3963 457 4040 tertentione
475 3955 657 4048 regulatae
676 3957 818 4030 militiae
838 3961 1099 4055 inperpetuum
1119 3978 1242 4030 cessus
1262 3967 1329 4047 est,
1341 3957 1434 4029 fundi

247 4084 411 4158 quoque,
439 4056 532 4129 unde
561 4057 621 4129 ille
651 4055 867 4133 conflabatur
885 4099 937 4114 --
964 4081 1029 4134 seu
1047 4061 1255 4133 nostratium
1271 4058 1435 4154 loquendi

236 4188 442 4200 -n———n

230 4205 233 4212 ’
274 4227 300 4292 ι)
321 4229 398 4282 1703.
417 4228 441 4278 o.
457 4251 490 4262 -
505 4223 581 4280 1111.
600 4227 627 4277 e.

275 4312 302 4375 b)
321 4313 451 4363 vidaon.
472 4311 550 4363 diret
574 4310 730 4364 aun11827.

277 4399 304 4464 e)
325 4395 462 4470 meam.
