<?xml version="1.0" encoding="UTF-8"?>
<!DOCTYPE html PUBLIC "-//W3C//DTD XHTML 1.0 Transitional//EN"
    "http://www.w3.org/TR/xhtml1/DTD/xhtml1-transitional.dtd">
<html xmlns="http://www.w3.org/1999/xhtml" xml:lang="en" lang="en">
 <head>
  <title>
</title>
<meta http-equiv="Content-Type" content="text/html;charset=utf-8" />
  <meta name='ocr-system' content='tesseract 3.04.00' />
  <meta name='ocr-capabilities' content='ocr_page ocr_carea ocr_par ocr_line ocrx_word'/>
</head>
<body>
  <div class='ocr_page' id='page_1' title='image "./conspectusjuris00czirgoog_0180.png"; bbox 0 0 3158 4864; ppageno 0'>
   <div class='ocr_carea' id='block_1_1' title="bbox 215 322 289 398">
    <p class='ocr_par' dir='ltr' id='par_1_1' title="bbox 215 322 289 398">
     <span class='ocr_line' id='line_1_1' title="bbox 215 322 289 398; baseline -0.027 0"><span class='ocrx_word' id='word_1_1' title='bbox 215 322 289 398; x_wconf 78' lang='lat' dir='ltr'><strong>teo</strong></span> 
     </span>
    </p>
   </div>
   <div class='ocr_carea' id='block_1_2' title="bbox 192 492 1416 1708">
    <p class='ocr_par' dir='ltr' id='par_1_2' title="bbox 192 492 1416 1708">
     <span class='ocr_line' id='line_1_2' title="bbox 216 492 1414 595; baseline 0.007 -31"><span class='ocrx_word' id='word_1_2' title='bbox 216 493 286 568; x_wconf 91' lang='lat' dir='ltr'><strong>dit:</strong></span> <span class='ocrx_word' id='word_1_3' title='bbox 315 496 409 589; x_wconf 92' lang='lat' dir='ltr'><strong>quod</strong></span> <span class='ocrx_word' id='word_1_4' title='bbox 435 492 572 568; x_wconf 85' lang='lat' dir='ltr'><strong>Nobilis</strong></span> <span class='ocrx_word' id='word_1_5' title='bbox 598 494 642 567; x_wconf 88' lang='lat' dir='ltr'><strong>ad</strong></span> <span class='ocrx_word' id='word_1_6' title='bbox 660 494 788 568; x_wconf 89' lang='lat' dir='ltr'><strong>nullius</strong></span> <span class='ocrx_word' id='word_1_7' title='bbox 814 515 967 588; x_wconf 88' lang='lat' dir='ltr'><strong>preces,</strong></span> <span class='ocrx_word' id='word_1_8' title='bbox 1005 506 1041 568; x_wconf 93' lang='lat' dir='ltr'><strong>et</strong></span> <span class='ocrx_word' id='word_1_9' title='bbox 1072 497 1321 570; x_wconf 67' lang='lat' dir='ltr'><strong>accusationes</strong></span> <span class='ocrx_word' id='word_1_10' title='bbox 1347 518 1414 595; x_wconf 89' lang='lat' dir='ltr'><strong>per</strong></span> 
     </span>
     <span class='ocr_line' id='line_1_3' title="bbox 192 597 1414 694; baseline 0.003 -25"><span class='ocrx_word' id='word_1_11' title='bbox 192 619 423 692; x_wconf 16' lang='lat' dir='ltr'><strong>‘quemquam</strong></span> <span class='ocrx_word' id='word_1_12' title='bbox 453 600 489 671; x_wconf 89' lang='lat' dir='ltr'><strong>in</strong></span> <span class='ocrx_word' id='word_1_13' title='bbox 517 619 670 692; x_wconf 87' lang='lat' dir='ltr'><strong>persono</strong></span> <span class='ocrx_word' id='word_1_14' title='bbox 690 617 754 671; x_wconf 87' lang='lat' dir='ltr'><strong>sua</strong></span> <span class='ocrx_word' id='word_1_15' title='bbox 782 599 882 691; x_wconf 87' lang='lat' dir='ltr'><strong>copi,</strong></span> <span class='ocrx_word' id='word_1_16' title='bbox 919 609 977 671; x_wconf 89' lang='lat' dir='ltr'><strong>aut</strong></span> <span class='ocrx_word' id='word_1_17' title='bbox 1003 597 1153 671; x_wconf 74' lang='lat' dir='ltr'><strong>detineri</strong></span> <span class='ocrx_word' id='word_1_18' title='bbox 1180 603 1316 694; x_wconf 87' lang='lat' dir='ltr'><strong>possit,</strong></span> <span class='ocrx_word' id='word_1_19' title='bbox 1343 605 1414 674; x_wconf 89' lang='lat' dir='ltr'><strong>nisi</strong></span> 
     </span>
     <span class='ocr_line' id='line_1_4' title="bbox 215 698 1415 797; baseline 0.003 -27"><span class='ocrx_word' id='word_1_20' title='bbox 215 703 314 793; x_wconf 89' lang='lat' dir='ltr'><strong>prius</strong></span> <span class='ocrx_word' id='word_1_21' title='bbox 343 703 488 790; x_wconf 88' lang='lat' dir='ltr'><strong>citatus,</strong></span> <span class='ocrx_word' id='word_1_22' title='bbox 530 711 565 773; x_wconf 90' lang='lat' dir='ltr'><strong>et</strong></span> <span class='ocrx_word' id='word_1_23' title='bbox 612 699 734 773; x_wconf 90' lang='lat' dir='ltr'><strong>ordine</strong></span> <span class='ocrx_word' id='word_1_24' title='bbox 767 698 862 770; x_wconf 90' lang='lat' dir='ltr'><strong>Juris</strong></span> <span class='ocrx_word' id='word_1_25' title='bbox 890 704 1075 773; x_wconf 88' lang='lat' dir='ltr'><strong>convictus</strong></span> <span class='ocrx_word' id='word_1_26' title='bbox 1106 703 1161 791; x_wconf 81' lang='grc'><strong>·);</strong></span> <span class='ocrx_word' id='word_1_27' title='bbox 1198 722 1315 797; x_wconf 90' lang='lat' dir='ltr'><strong>neque</strong></span> <span class='ocrx_word' id='word_1_28' title='bbox 1349 725 1415 797; x_wconf 92' lang='lat' dir='ltr'><strong>per</strong></span> 
     </span>
     <span class='ocr_line' id='line_1_5' title="bbox 215 802 1414 897; baseline 0.004 -25"><span class='ocrx_word' id='word_1_29' title='bbox 215 802 414 894; x_wconf 80' lang='lat' dir='ltr'><strong>Principem</strong></span> <span class='ocrx_word' id='word_1_30' title='bbox 432 806 558 897; x_wconf 88' lang='lat' dir='ltr'><strong>ipsum,</strong></span> <span class='ocrx_word' id='word_1_31' title='bbox 585 804 670 877; x_wconf 90' lang='lat' dir='ltr'><strong>licet</strong></span> <span class='ocrx_word' id='word_1_32' title='bbox 688 802 791 892; x_wconf 89' lang='lat' dir='ltr'><strong>hujus</strong></span> <span class='ocrx_word' id='word_1_33' title='bbox 808 804 912 873; x_wconf 89' lang='lat' dir='ltr'><strong>unius</strong></span> <span class='ocrx_word' id='word_1_34' title='bbox 932 802 1043 875; x_wconf 90' lang='lat' dir='ltr'><strong>subsit</strong></span> <span class='ocrx_word' id='word_1_35' title='bbox 1062 807 1241 895; x_wconf 75' lang='lat' dir='ltr'><strong>potestati,</strong></span> <span class='ocrx_word' id='word_1_36' title='bbox 1263 803 1306 874; x_wconf 88' lang='lat' dir='ltr'><strong>ad</strong></span> <span class='ocrx_word' id='word_1_37' title='bbox 1323 808 1414 876; x_wconf 87' lang='lat' dir='ltr'><strong>sirn-</strong></span> 
     </span>
     <span class='ocr_line' id='line_1_6' title="bbox 215 903 1414 999; baseline 0.007 -29"><span class='ocrx_word' id='word_1_38' title='bbox 215 903 344 995; x_wconf 90' lang='lat' dir='ltr'><strong>plicem</strong></span> <span class='ocrx_word' id='word_1_39' title='bbox 363 906 543 997; x_wconf 90' lang='lat' dir='ltr'><strong>querelam</strong></span> <span class='ocrx_word' id='word_1_40' title='bbox 561 915 705 999; x_wconf 85' lang='lat' dir='ltr'><strong>praeter</strong></span> <span class='ocrx_word' id='word_1_41' title='bbox 720 905 815 976; x_wconf 87' lang='lat' dir='ltr'><strong>vium</strong></span> <span class='ocrx_word' id='word_1_42' title='bbox 833 903 941 991; x_wconf 86' lang='lat' dir='ltr'><strong>duris,</strong></span> <span class='ocrx_word' id='word_1_43' title='bbox 970 915 1074 998; x_wconf 89' lang='lat' dir='ltr'><strong>atque</strong></span> <span class='ocrx_word' id='word_1_44' title='bbox 1095 905 1205 975; x_wconf 90' lang='lat' dir='ltr'><strong>altera</strong></span> <span class='ocrx_word' id='word_1_45' title='bbox 1223 916 1325 999; x_wconf 84' lang='lat' dir='ltr'><strong>parte</strong></span> <span class='ocrx_word' id='word_1_46' title='bbox 1343 927 1414 978; x_wconf 89' lang='lat' dir='ltr'><strong>non</strong></span> 
     </span>
     <span class='ocr_line' id='line_1_7' title="bbox 217 999 1415 1101; baseline 0.006 -29"><span class='ocrx_word' id='word_1_47' title='bbox 217 1003 355 1093; x_wconf 84' lang='lat' dir='ltr'><strong>audito,</strong></span> <span class='ocrx_word' id='word_1_48' title='bbox 383 1009 418 1074; x_wconf 92' lang='lat' dir='ltr'><strong>in</strong></span> <span class='ocrx_word' id='word_1_49' title='bbox 437 1027 603 1101; x_wconf 90' lang='lat' dir='ltr'><strong>persona,</strong></span> <span class='ocrx_word' id='word_1_50' title='bbox 631 1017 690 1078; x_wconf 89' lang='lat' dir='ltr'><strong>aut</strong></span> <span class='ocrx_word' id='word_1_51' title='bbox 707 1004 813 1077; x_wconf 91' lang='lat' dir='ltr'><strong>rebus</strong></span> <span class='ocrx_word' id='word_1_52' title='bbox 832 999 1014 1098; x_wconf 56' lang='lat' dir='ltr'><strong>impediri(</strong></span> <span class='ocrx_word' id='word_1_53' title='bbox 1033 1007 1153 1078; x_wconf 85' lang='lat' dir='ltr'><strong>Tertia</strong></span> <span class='ocrx_word' id='word_1_54' title='bbox 1170 1004 1317 1078; x_wconf 84' lang='lat' dir='ltr'><strong>liberam</strong></span> <span class='ocrx_word' id='word_1_55' title='bbox 1334 1005 1415 1079; x_wconf 91' lang='lat' dir='ltr'><strong>No-</strong></span> 
     </span>
     <span class='ocr_line' id='line_1_8' title="bbox 215 1100 1416 1202; baseline 0.007 -29"><span class='ocrx_word' id='word_1_56' title='bbox 215 1100 343 1176; x_wconf 82' lang='lat' dir='ltr'><strong>bilibus</strong></span> <span class='ocrx_word' id='word_1_57' title='bbox 361 1117 577 1199; x_wconf 90' lang='lat' dir='ltr'><strong>potestatem</strong></span> <span class='ocrx_word' id='word_1_58' title='bbox 602 1107 742 1195; x_wconf 77' lang='lat' dir='ltr'><strong>addicit,</strong></span> <span class='ocrx_word' id='word_1_59' title='bbox 766 1109 872 1195; x_wconf 88' lang='lat' dir='ltr'><strong>justis</strong></span> <span class='ocrx_word' id='word_1_60' title='bbox 893 1129 1015 1178; x_wconf 88' lang='lat' dir='ltr'><strong>eorum</strong></span> <span class='ocrx_word' id='word_1_61' title='bbox 1030 1106 1180 1198; x_wconf 89' lang='lat' dir='ltr'><strong>juribus,</strong></span> <span class='ocrx_word' id='word_1_62' title='bbox 1200 1118 1235 1178; x_wconf 92' lang='lat' dir='ltr'><strong>et</strong></span> <span class='ocrx_word' id='word_1_63' title='bbox 1253 1128 1416 1202; x_wconf 84' lang='lat' dir='ltr'><strong>proven-</strong></span> 
     </span>
     <span class='ocr_line' id='line_1_9' title="bbox 215 1203 1416 1298; baseline 0.007 -25"><span class='ocrx_word' id='word_1_64' title='bbox 215 1203 308 1278; x_wconf 85' lang='lat' dir='ltr'><strong>tibus</strong></span> <span class='ocrx_word' id='word_1_65' title='bbox 328 1209 419 1278; x_wconf 90' lang='lat' dir='ltr'><strong>intra</strong></span> <span class='ocrx_word' id='word_1_66' title='bbox 451 1213 621 1281; x_wconf 89' lang='lat' dir='ltr'><strong>terminos</strong></span> <span class='ocrx_word' id='word_1_67' title='bbox 640 1209 912 1281; x_wconf 86' lang='lat' dir='ltr'><strong>Territoriorum</strong></span> <span class='ocrx_word' id='word_1_68' title='bbox 941 1229 1083 1281; x_wconf 91' lang='lat' dir='ltr'><strong>suorum</strong></span> <span class='ocrx_word' id='word_1_69' title='bbox 1109 1207 1261 1298; x_wconf 82' lang='lat' dir='ltr'><strong>fruendi,</strong></span> <span class='ocrx_word' id='word_1_70' title='bbox 1287 1213 1416 1282; x_wconf 90' lang='lat' dir='ltr'><strong>immu-</strong></span> 
     </span>
     <span class='ocr_line' id='line_1_10' title="bbox 214 1309 1415 1404; baseline 0.004 -27"><span class='ocrx_word' id='word_1_71' title='bbox 214 1309 429 1402; x_wconf 84' lang='lat' dir='ltr'><strong>nitatemque</strong></span> <span class='ocrx_word' id='word_1_72' title='bbox 449 1309 491 1381; x_wconf 87' lang='lat' dir='ltr'><strong>ab</strong></span> <span class='ocrx_word' id='word_1_73' title='bbox 511 1314 606 1383; x_wconf 90' lang='lat' dir='ltr'><strong>omni</strong></span> <span class='ocrx_word' id='word_1_74' title='bbox 625 1310 881 1382; x_wconf 89' lang='lat' dir='ltr'><strong>conditionaria</strong></span> <span class='ocrx_word' id='word_1_75' title='bbox 900 1315 1086 1401; x_wconf 83' lang='lat' dir='ltr'><strong>servitute,</strong></span> <span class='ocrx_word' id='word_1_76' title='bbox 1116 1315 1280 1404; x_wconf 89' lang='lat' dir='ltr'><strong>omnique</strong></span> <span class='ocrx_word' id='word_1_77' title='bbox 1298 1312 1415 1386; x_wconf 91' lang='lat' dir='ltr'><strong>tribu-</strong></span> 
     </span>
     <span class='ocr_line' id='line_1_11' title="bbox 214 1411 1415 1508; baseline 0.006 -31"><span class='ocrx_word' id='word_1_78' title='bbox 214 1417 342 1500; x_wconf 89' lang='lat' dir='ltr'><strong>torum,</strong></span> <span class='ocrx_word' id='word_1_79' title='bbox 369 1414 609 1504; x_wconf 86' lang='lat' dir='ltr'><strong>vectigalium,</strong></span> <span class='ocrx_word' id='word_1_80' title='bbox 636 1414 745 1506; x_wconf 87' lang='lat' dir='ltr'><strong>vulgo</strong></span> <span class='ocrx_word' id='word_1_81' title='bbox 765 1413 934 1484; x_wconf 90' lang='lat' dir='ltr'><strong>datiarum</strong></span> <span class='ocrx_word' id='word_1_82' title='bbox 954 1411 1183 1508; x_wconf 88' lang='lat' dir='ltr'><strong>depensione.</strong></span> <span class='ocrx_word' id='word_1_83' title='bbox 1220 1413 1274 1484; x_wconf 91' lang='lat' dir='ltr'><strong>De</strong></span> <span class='ocrx_word' id='word_1_84' title='bbox 1293 1424 1415 1507; x_wconf 87' lang='lat' dir='ltr'><strong>quartu</strong></span> 
     </span>
     <span class='ocr_line' id='line_1_12' title="bbox 214 1510 1415 1609; baseline 0.005 -28"><span class='ocrx_word' id='word_1_85' title='bbox 214 1510 351 1604; x_wconf 87' lang='lat' dir='ltr'><strong>pridem</strong></span> <span class='ocrx_word' id='word_1_86' title='bbox 375 1526 549 1609; x_wconf 91' lang='lat' dir='ltr'><strong>perpetuo</strong></span> <span class='ocrx_word' id='word_1_87' title='bbox 578 1515 735 1604; x_wconf 87' lang='lat' dir='ltr'><strong>sublata,</strong></span> <span class='ocrx_word' id='word_1_88' title='bbox 763 1537 866 1609; x_wconf 89' lang='lat' dir='ltr'><strong>quam</strong></span> <span class='ocrx_word' id='word_1_89' title='bbox 893 1518 929 1584; x_wconf 91' lang='lat' dir='ltr'><strong>in</strong></span> <span class='ocrx_word' id='word_1_90' title='bbox 949 1520 1069 1609; x_wconf 88' lang='lat' dir='ltr'><strong>operis</strong></span> <span class='ocrx_word' id='word_1_91' title='bbox 1087 1516 1206 1587; x_wconf 91' lang='lat' dir='ltr'><strong>limine</strong></span> <span class='ocrx_word' id='word_1_92' title='bbox 1225 1516 1415 1587; x_wconf 89' lang='lat' dir='ltr'><strong>recensui-</strong></span> 
     </span>
     <span class='ocr_line' id='line_1_13' title="bbox 214 1611 1123 1708; baseline 0.001 -25"><span class='ocrx_word' id='word_1_93' title='bbox 214 1631 305 1702; x_wconf 88' lang='lat' dir='ltr'><strong>mus,</strong></span> <span class='ocrx_word' id='word_1_94' title='bbox 333 1611 417 1685; x_wconf 91' lang='lat' dir='ltr'><strong>nihil</strong></span> <span class='ocrx_word' id='word_1_95' title='bbox 435 1614 493 1684; x_wconf 89' lang='lat' dir='ltr'><strong>hic</strong></span> <span class='ocrx_word' id='word_1_96' title='bbox 511 1616 658 1708; x_wconf 90' lang='lat' dir='ltr'><strong>amplius</strong></span> <span class='ocrx_word' id='word_1_97' title='bbox 676 1614 927 1708; x_wconf 88' lang='lat' dir='ltr'><strong>proferendum</strong></span> <span class='ocrx_word' id='word_1_98' title='bbox 945 1619 1123 1686; x_wconf 88' lang='lat' dir='ltr'><strong>remansit.</strong></span> 
     </span>
    </p>
   </div>
   <div class='ocr_carea' id='block_1_3' title="bbox 610 1759 981 1974">
    <p class='ocr_par' dir='ltr' id='par_1_3' title="bbox 610 1759 981 1974">
     <span class='ocr_line' id='line_1_14' title="bbox 610 1759 881 1843; baseline 0 -17"><span class='ocrx_word' id='word_1_99' title='bbox 610 1813 614 1826; x_wconf 86' lang='lat'><em>.</em></span> <span class='ocrx_word' id='word_1_100' title='bbox 730 1759 767 1843; x_wconf 88' lang='lat'><strong>§.</strong></span> <span class='ocrx_word' id='word_1_101' title='bbox 799 1761 881 1832; x_wconf 84' lang='lat'><strong>170.</strong></span> 
     </span>
     <span class='ocr_line' id='line_1_15' title="bbox 655 1885 981 1974; baseline -0.006 -18"><span class='ocrx_word' id='word_1_102' title='bbox 655 1885 779 1956; x_wconf 79' lang='lat' dir='ltr'><strong>Sanco</strong></span> <span class='ocrx_word' id='word_1_103' title='bbox 803 1889 981 1974; x_wconf 71' lang='lat' dir='ltr'><strong>genetiuo.</strong></span> 
     </span>
    </p>
   </div>
   <div class='ocr_carea' id='block_1_4' title="bbox 204 2029 1416 3653">
    <p class='ocr_par' dir='ltr' id='par_1_4' title="bbox 204 2029 1416 3653">
     <span class='ocr_line' id='line_1_16' title="bbox 319 2029 1416 2128; baseline -0.001 -22"><span class='ocrx_word' id='word_1_104' title='bbox 319 2029 415 2106; x_wconf 79' lang='lat' dir='ltr'><strong>Cave</strong></span> <span class='ocrx_word' id='word_1_105' title='bbox 434 2044 551 2106; x_wconf 89' lang='lat' dir='ltr'><strong>tamen</strong></span> <span class='ocrx_word' id='word_1_106' title='bbox 580 2035 786 2123; x_wconf 85' lang='lat' dir='ltr'><strong>existimes,</strong></span> <span class='ocrx_word' id='word_1_107' title='bbox 813 2034 1085 2126; x_wconf 88' lang='lat' dir='ltr'><strong>Praerogativas</strong></span> <span class='ocrx_word' id='word_1_108' title='bbox 1114 2035 1201 2105; x_wconf 88' lang='lat' dir='ltr'><strong>istas</strong></span> <span class='ocrx_word' id='word_1_109' title='bbox 1233 2035 1294 2106; x_wconf 93' lang='lat' dir='ltr'><strong>illo</strong></span> <span class='ocrx_word' id='word_1_110' title='bbox 1325 2034 1416 2128; x_wconf 88' lang='lat' dir='ltr'><strong>apud</strong></span> 
     </span>
     <span class='ocr_line' id='line_1_17' title="bbox 217 2134 1415 2232; baseline -0.001 -24"><span class='ocrx_word' id='word_1_111' title='bbox 217 2154 283 2208; x_wconf 86' lang='lat' dir='ltr'><strong>nos</strong></span> <span class='ocrx_word' id='word_1_112' title='bbox 304 2157 412 2209; x_wconf 89' lang='lat' dir='ltr'><strong>sensu</strong></span> <span class='ocrx_word' id='word_1_113' title='bbox 430 2134 615 2231; x_wconf 89' lang='lat' dir='ltr'><strong>aliquando</strong></span> <span class='ocrx_word' id='word_1_114' title='bbox 633 2139 808 2228; x_wconf 86' lang='lat' dir='ltr'><strong>viguisse,</strong></span> <span class='ocrx_word' id='word_1_115' title='bbox 837 2137 937 2232; x_wconf 88' lang='lat' dir='ltr'><strong>quasi</strong></span> <span class='ocrx_word' id='word_1_116' title='bbox 964 2134 1103 2227; x_wconf 90' lang='lat' dir='ltr'><strong>legibus</strong></span> <span class='ocrx_word' id='word_1_117' title='bbox 1132 2147 1230 2208; x_wconf 88' lang='lat' dir='ltr'><strong>esset</strong></span> <span class='ocrx_word' id='word_1_118' title='bbox 1257 2155 1415 2208; x_wconf 89' lang='lat' dir='ltr'><strong>consen-</strong></span> 
     </span>
     <span class='ocr_line' id='line_1_18' title="bbox 217 2235 1414 2333; baseline -0.003 -22"><span class='ocrx_word' id='word_1_119' title='bbox 217 2250 380 2328; x_wconf 87' lang='lat' dir='ltr'><strong>taneum,</strong></span> <span class='ocrx_word' id='word_1_120' title='bbox 419 2241 454 2308; x_wconf 90' lang='lat' dir='ltr'><strong>in</strong></span> <span class='ocrx_word' id='word_1_121' title='bbox 481 2235 659 2330; x_wconf 87' lang='lat' dir='ltr'><strong>Hungaria</strong></span> <span class='ocrx_word' id='word_1_122' title='bbox 687 2259 895 2333; x_wconf 88' lang='lat' dir='ltr'><strong>quemquam</strong></span> <span class='ocrx_word' id='word_1_123' title='bbox 932 2236 1157 2308; x_wconf 89' lang='lat' dir='ltr'><strong>condemnari</strong></span> <span class='ocrx_word' id='word_1_124' title='bbox 1186 2238 1286 2327; x_wconf 88' lang='lat' dir='ltr'><strong>cujus</strong></span> <span class='ocrx_word' id='word_1_125' title='bbox 1315 2238 1414 2327; x_wconf 89' lang='lat' dir='ltr'><strong>cujus</strong></span> 
     </span>
     <span class='ocr_line' id='line_1_19' title="bbox 216 2338 1415 2428; baseline -0.002 -17"><span class='ocrx_word' id='word_1_126' title='bbox 216 2338 358 2411; x_wconf 86' lang='lat' dir='ltr'><strong>tandem</strong></span> <span class='ocrx_word' id='word_1_127' title='bbox 377 2338 602 2428; x_wconf 89' lang='lat' dir='ltr'><strong>conditionis,</strong></span> <span class='ocrx_word' id='word_1_128' title='bbox 630 2361 697 2411; x_wconf 90' lang='lat' dir='ltr'><strong>nec</strong></span> <span class='ocrx_word' id='word_1_129' title='bbox 718 2338 883 2426; x_wconf 87' lang='lat' dir='ltr'><strong>auditum,</strong></span> <span class='ocrx_word' id='word_1_130' title='bbox 912 2359 980 2408; x_wconf 93' lang='lat' dir='ltr'><strong>nec</strong></span> <span class='ocrx_word' id='word_1_131' title='bbox 995 2339 1084 2426; x_wconf 84' lang='lat' dir='ltr'><strong>juris</strong></span> <span class='ocrx_word' id='word_1_132' title='bbox 1115 2338 1237 2409; x_wconf 91' lang='lat' dir='ltr'><strong>ordine</strong></span> <span class='ocrx_word' id='word_1_133' title='bbox 1263 2342 1415 2412; x_wconf 85' lang='lat' dir='ltr'><strong>convic-</strong></span> 
     </span>
     <span class='ocr_line' id='line_1_20' title="bbox 217 2438 1414 2536; baseline -0.002 -25"><span class='ocrx_word' id='word_1_134' title='bbox 217 2452 302 2533; x_wconf 91' lang='lat' dir='ltr'><strong>tum,</strong></span> <span class='ocrx_word' id='word_1_135' title='bbox 330 2453 389 2513; x_wconf 90' lang='lat' dir='ltr'><strong>aut</strong></span> <span class='ocrx_word' id='word_1_136' title='bbox 407 2445 442 2513; x_wconf 90' lang='lat' dir='ltr'><strong>in</strong></span> <span class='ocrx_word' id='word_1_137' title='bbox 460 2461 628 2536; x_wconf 90' lang='lat' dir='ltr'><strong>persona,</strong></span> <span class='ocrx_word' id='word_1_138' title='bbox 656 2439 834 2534; x_wconf 84' lang='lat' dir='ltr'><strong>rebusque</strong></span> <span class='ocrx_word' id='word_1_139' title='bbox 854 2439 979 2511; x_wconf 90' lang='lat' dir='ltr'><strong>damno</strong></span> <span class='ocrx_word' id='word_1_140' title='bbox 997 2441 1138 2532; x_wconf 90' lang='lat' dir='ltr'><strong>impune</strong></span> <span class='ocrx_word' id='word_1_141' title='bbox 1159 2441 1263 2530; x_wconf 84' lang='lat' dir='ltr'><strong>affici,</strong></span> <span class='ocrx_word' id='word_1_142' title='bbox 1292 2440 1353 2514; x_wconf 87' lang='lat' dir='ltr'><strong>vel</strong></span> <span class='ocrx_word' id='word_1_143' title='bbox 1371 2438 1414 2510; x_wconf 91' lang='lat' dir='ltr'><strong>ab</strong></span> 
     </span>
     <span class='ocr_line' id='line_1_21' title="bbox 204 2539 1414 2639; baseline -0.002 -24"><span class='ocrx_word' id='word_1_144' title='bbox 204 2547 296 2639; x_wconf 90' lang='lat' dir='ltr'><strong>-ipso</strong></span> <span class='ocrx_word' id='word_1_145' title='bbox 315 2545 475 2637; x_wconf 87' lang='lat' dir='ltr'><strong>legitimo</strong></span> <span class='ocrx_word' id='word_1_146' title='bbox 492 2542 654 2636; x_wconf 88' lang='lat' dir='ltr'><strong>Principe</strong></span> <span class='ocrx_word' id='word_1_147' title='bbox 683 2552 806 2613; x_wconf 88' lang='lat' dir='ltr'><strong>nostro</strong></span> <span class='ocrx_word' id='word_1_148' title='bbox 827 2541 870 2610; x_wconf 87' lang='lat' dir='ltr'><strong>ad</strong></span> <span class='ocrx_word' id='word_1_149' title='bbox 888 2543 1000 2612; x_wconf 89' lang='lat' dir='ltr'><strong>solam</strong></span> <span class='ocrx_word' id='word_1_150' title='bbox 1026 2539 1195 2613; x_wconf 84' lang='lat' dir='ltr'><strong>duntaxat</strong></span> <span class='ocrx_word' id='word_1_151' title='bbox 1223 2543 1414 2636; x_wconf 90' lang='lat' dir='ltr'><strong>querelam,</strong></span> 
     </span>
     <span class='ocr_line' id='line_1_22' title="bbox 218 2642 1414 2738; baseline 0 -23"><span class='ocrx_word' id='word_1_152' title='bbox 218 2655 255 2715; x_wconf 92' lang='lat' dir='ltr'><strong>et</strong></span> <span class='ocrx_word' id='word_1_153' title='bbox 275 2648 452 2716; x_wconf 89' lang='lat' dir='ltr'><strong>sinistram</strong></span> <span class='ocrx_word' id='word_1_154' title='bbox 470 2647 739 2736; x_wconf 84' lang='lat' dir='ltr'><strong>suggestionem</strong></span> <span class='ocrx_word' id='word_1_155' title='bbox 756 2643 917 2738; x_wconf 89' lang='lat' dir='ltr'><strong>impediri</strong></span> <span class='ocrx_word' id='word_1_156' title='bbox 942 2659 1075 2738; x_wconf 90' lang='lat' dir='ltr'><strong>posse,</strong></span> <span class='ocrx_word' id='word_1_157' title='bbox 1100 2653 1279 2737; x_wconf 87' lang='lat' dir='ltr'><strong>potestate</strong></span> <span class='ocrx_word' id='word_1_158' title='bbox 1308 2642 1414 2715; x_wconf 91' lang='lat' dir='ltr'><strong>rebus</strong></span> 
     </span>
     <span class='ocr_line' id='line_1_23' title="bbox 218 2741 1416 2840; baseline -0.002 -24"><span class='ocrx_word' id='word_1_159' title='bbox 218 2748 292 2816; x_wconf 86' lang='lat' dir='ltr'><strong>suis</strong></span> <span class='ocrx_word' id='word_1_160' title='bbox 312 2766 438 2816; x_wconf 88' lang='lat' dir='ltr'><strong>secure</strong></span> <span class='ocrx_word' id='word_1_161' title='bbox 457 2744 607 2817; x_wconf 86' lang='lat' dir='ltr'><strong>fruendi.</strong></span> <span class='ocrx_word' id='word_1_162' title='bbox 636 2743 866 2817; x_wconf 87' lang='lat' dir='ltr'><strong>Exemtiones</strong></span> <span class='ocrx_word' id='word_1_163' title='bbox 893 2751 1021 2840; x_wconf 86' lang='lat' dir='ltr'><strong>quippe</strong></span> <span class='ocrx_word' id='word_1_164' title='bbox 1040 2742 1108 2814; x_wconf 91' lang='lat' dir='ltr'><strong>hoc</strong></span> <span class='ocrx_word' id='word_1_165' title='bbox 1128 2749 1163 2815; x_wconf 92' lang='lat' dir='ltr'><strong>in</strong></span> <span class='ocrx_word' id='word_1_166' title='bbox 1182 2766 1316 2837; x_wconf 90' lang='lat' dir='ltr'><strong>genere</strong></span> <span class='ocrx_word' id='word_1_167' title='bbox 1334 2741 1367 2814; x_wconf 93' lang='lat' dir='ltr'><strong>N</strong></span> <span class='ocrx_word' id='word_1_168' title='bbox 1369 2765 1416 2814; x_wconf 93' lang='lat' dir='ltr'><strong>o-</strong></span> 
     </span>
     <span class='ocr_line' id='line_1_24' title="bbox 216 2845 1414 2941; baseline 0 -26"><span class='ocrx_word' id='word_1_169' title='bbox 216 2845 341 2918; x_wconf 85' lang='lat' dir='ltr'><strong>bilitati</strong></span> <span class='ocrx_word' id='word_1_170' title='bbox 360 2851 537 2941; x_wconf 90' lang='lat' dir='ltr'><strong>propriae,</strong></span> <span class='ocrx_word' id='word_1_171' title='bbox 565 2851 769 2918; x_wconf 91' lang='lat' dir='ltr'><strong>nominatim</strong></span> <span class='ocrx_word' id='word_1_172' title='bbox 797 2847 878 2918; x_wconf 92' lang='lat' dir='ltr'><strong>loco</strong></span> <span class='ocrx_word' id='word_1_173' title='bbox 906 2851 1010 2918; x_wconf 91' lang='lat' dir='ltr'><strong>tertio</strong></span> <span class='ocrx_word' id='word_1_174' title='bbox 1040 2845 1179 2935; x_wconf 88' lang='lat' dir='ltr'><strong>allatae,</strong></span> <span class='ocrx_word' id='word_1_175' title='bbox 1216 2845 1251 2917; x_wconf 96' lang='lat' dir='ltr'><strong>id</strong></span> <span class='ocrx_word' id='word_1_176' title='bbox 1284 2855 1414 2916; x_wconf 87' lang='lat' dir='ltr'><strong>tantum</strong></span> 
     </span>
     <span class='ocr_line' id='line_1_25' title="bbox 216 2945 1414 3042; baseline -0.001 -23"><span class='ocrx_word' id='word_1_177' title='bbox 216 2945 467 3037; x_wconf 86' lang='lat' dir='ltr'><strong>secumferunt,</strong></span> <span class='ocrx_word' id='word_1_178' title='bbox 495 2946 588 3042; x_wconf 92' lang='lat' dir='ltr'><strong>quod</strong></span> <span class='ocrx_word' id='word_1_179' title='bbox 616 2947 709 3020; x_wconf 89' lang='lat' dir='ltr'><strong>bona</strong></span> <span class='ocrx_word' id='word_1_180' title='bbox 735 2947 947 3036; x_wconf 83' lang='lat' dir='ltr'><strong>nobilitaria,</strong></span> <span class='ocrx_word' id='word_1_181' title='bbox 976 2945 1170 3040; x_wconf 93' lang='lat' dir='ltr'><strong>horumque</strong></span> <span class='ocrx_word' id='word_1_182' title='bbox 1205 2956 1414 3041; x_wconf 90' lang='lat' dir='ltr'><strong>proventus,</strong></span> 
     </span>
     <span class='ocr_line' id='line_1_26' title="bbox 220 3047 1415 3142; baseline -0.002 -23"><span class='ocrx_word' id='word_1_183' title='bbox 220 3059 268 3136; x_wconf 89' lang='lat' dir='ltr'><strong>et,</strong></span> <span class='ocrx_word' id='word_1_184' title='bbox 295 3059 384 3142; x_wconf 75' lang='lat' dir='ltr'><strong>qu&#39;uc</strong></span> <span class='ocrx_word' id='word_1_185' title='bbox 413 3073 459 3121; x_wconf 86' lang='lat' dir='ltr'><strong>ex</strong></span> <span class='ocrx_word' id='word_1_186' title='bbox 482 3049 567 3120; x_wconf 85' lang='lat' dir='ltr'><strong>dure</strong></span> <span class='ocrx_word' id='word_1_187' title='bbox 590 3051 753 3120; x_wconf 90' lang='lat' dir='ltr'><strong>terrestri</strong></span> <span class='ocrx_word' id='word_1_188' title='bbox 773 3058 992 3142; x_wconf 88' lang='lat' dir='ltr'><strong>promanant,</strong></span> <span class='ocrx_word' id='word_1_189' title='bbox 1011 3047 1170 3140; x_wconf 90' lang='lat' dir='ltr'><strong>reliqua,</strong></span> <span class='ocrx_word' id='word_1_190' title='bbox 1198 3051 1303 3122; x_wconf 87' lang='lat' dir='ltr'><strong>nullis</strong></span> <span class='ocrx_word' id='word_1_191' title='bbox 1332 3069 1415 3121; x_wconf 89' lang='lat' dir='ltr'><strong>ser-</strong></span> 
     </span>
     <span class='ocr_line' id='line_1_27' title="bbox 215 3148 1415 3246; baseline -0.004 -23"><span class='ocrx_word' id='word_1_192' title='bbox 215 3150 406 3240; x_wconf 79' lang='lat' dir='ltr'><strong>vitutibuS,</strong></span> <span class='ocrx_word' id='word_1_193' title='bbox 435 3151 601 3246; x_wconf 90' lang='lat' dir='ltr'><strong>operibus</strong></span> <span class='ocrx_word' id='word_1_194' title='bbox 626 3148 788 3245; x_wconf 89' lang='lat' dir='ltr'><strong>publicis,</strong></span> <span class='ocrx_word' id='word_1_195' title='bbox 818 3161 920 3243; x_wconf 85' lang='lat' dir='ltr'><strong>atque</strong></span> <span class='ocrx_word' id='word_1_196' title='bbox 940 3149 1077 3221; x_wconf 89' lang='lat' dir='ltr'><strong>tributis</strong></span> <span class='ocrx_word' id='word_1_197' title='bbox 1101 3150 1273 3241; x_wconf 87' lang='lat' dir='ltr'><strong>subjecta,</strong></span> <span class='ocrx_word' id='word_1_198' title='bbox 1291 3170 1415 3222; x_wconf 89' lang='lat' dir='ltr'><strong>verum</strong></span> 
     </span>
     <span class='ocr_line' id='line_1_28' title="bbox 216 3251 1414 3347; baseline -0.003 -24"><span class='ocrx_word' id='word_1_199' title='bbox 216 3253 322 3345; x_wconf 90' lang='lat' dir='ltr'><strong>plena</strong></span> <span class='ocrx_word' id='word_1_200' title='bbox 358 3275 435 3323; x_wconf 93' lang='lat' dir='ltr'><strong>cum</strong></span> <span class='ocrx_word' id='word_1_201' title='bbox 476 3254 694 3347; x_wconf 91' lang='lat' dir='ltr'><strong>proprietate</strong></span> <span class='ocrx_word' id='word_1_202' title='bbox 730 3251 908 3344; x_wconf 89' lang='lat' dir='ltr'><strong>possideri</strong></span> <span class='ocrx_word' id='word_1_203' title='bbox 940 3262 1158 3342; x_wconf 90' lang='lat' dir='ltr'><strong>statuantur,</strong></span> <span class='ocrx_word' id='word_1_204' title='bbox 1197 3255 1304 3346; x_wconf 87' lang='lat' dir='ltr'><strong>quare</strong></span> <span class='ocrx_word' id='word_1_205' title='bbox 1336 3251 1414 3322; x_wconf 88' lang='lat' dir='ltr'><strong>data</strong></span> 
     </span>
     <span class='ocr_line' id='line_1_29' title="bbox 220 3349 1414 3448; baseline -0.003 -24"><span class='ocrx_word' id='word_1_206' title='bbox 220 3373 330 3447; x_wconf 88' lang='lat' dir='ltr'><strong>opera</strong></span> <span class='ocrx_word' id='word_1_207' title='bbox 359 3353 539 3448; x_wconf 85' lang='lat' dir='ltr'><strong>Tripartiti</strong></span> <span class='ocrx_word' id='word_1_208' title='bbox 572 3349 788 3444; x_wconf 85' lang='lat' dir='ltr'><strong>Compilator</strong></span> <span class='ocrx_word' id='word_1_209' title='bbox 808 3351 898 3422; x_wconf 89' lang='lat' dir='ltr'><strong>hanc</strong></span> <span class='ocrx_word' id='word_1_210' title='bbox 914 3352 1113 3424; x_wconf 87' lang='lat' dir='ltr'><strong>libertatem</strong></span> <span class='ocrx_word' id='word_1_211' title='bbox 1144 3354 1257 3426; x_wconf 90' lang='lat' dir='ltr'><strong>solum</strong></span> <span class='ocrx_word' id='word_1_212' title='bbox 1289 3354 1414 3423; x_wconf 90' lang='lat' dir='ltr'><strong>intra</strong></span> 
     </span>
     <span class='ocr_line' id='line_1_30' title="bbox 218 3450 1414 3545; baseline -0.004 -20"><span class='ocrx_word' id='word_1_213' title='bbox 218 3455 405 3525; x_wconf 90' lang='lat' dir='ltr'><strong>limites</strong></span> <span class='ocrx_word' id='word_1_214' title='bbox 432 3455 815 3526; x_wconf 87' lang='lat' dir='ltr'><strong>Territoriorum</strong></span> <span class='ocrx_word' id='word_1_215' title='bbox 842 3473 1049 3545; x_wconf 86' lang='lat' dir='ltr'><strong>suorum,</strong></span> <span class='ocrx_word' id='word_1_216' title='bbox 1106 3450 1288 3525; x_wconf 88' lang='lat' dir='ltr'><strong>Nobilibus</strong></span> <span class='ocrx_word' id='word_1_217' title='bbox 1325 3471 1414 3544; x_wconf 94' lang='lat' dir='ltr'><strong>pro-</strong></span> 
     </span>
     <span class='ocr_line' id='line_1_31' title="bbox 218 3557 572 3653; baseline 0.011 -28"><span class='ocrx_word' id='word_1_218' title='bbox 218 3558 331 3653; x_wconf 88' lang='lat' dir='ltr'><strong>priam</strong></span> <span class='ocrx_word' id='word_1_219' title='bbox 359 3557 572 3632; x_wconf 87' lang='lat' dir='ltr'><strong>enunciavit.</strong></span> 
     </span>
    </p>
   </div>
   <div class='ocr_carea' id='block_1_5' title="bbox 676 3707 937 3944">
    <p class='ocr_par' dir='ltr' id='par_1_5' title="bbox 676 3707 937 3944">
     <span class='ocr_line' id='line_1_32' title="bbox 733 3707 885 3792; baseline -0.026 -14"><span class='ocrx_word' id='word_1_220' title='bbox 733 3707 770 3792; x_wconf 59' lang='grc' dir='ltr'><strong>ὃ.</strong></span> <span class='ocrx_word' id='word_1_221' title='bbox 802 3708 885 3779; x_wconf 82' lang='grc'><strong>171.</strong></span> 
     </span>
     <span class='ocr_line' id='line_1_33' title="bbox 676 3851 937 3944; baseline -0.015 -18"><span class='ocrx_word' id='word_1_222' title='bbox 676 3851 937 3944; x_wconf 64' lang='lat' dir='ltr'><strong>Atropatenae.</strong></span> 
     </span>
    </p>
   </div>
   <div class='ocr_carea' id='block_1_6' title="bbox 213 3987 1548 4400">
    <p class='ocr_par' dir='ltr' id='par_1_6' title="bbox 213 3987 1548 4400">
     <span class='ocr_line' id='line_1_34' title="bbox 317 3987 1548 4094; baseline 0.002 -28"><span class='ocrx_word' id='word_1_223' title='bbox 317 3997 428 4069; x_wconf 89' lang='lat' dir='ltr'><strong>Binae</strong></span> <span class='ocrx_word' id='word_1_224' title='bbox 443 3999 641 4072; x_wconf 90' lang='lat' dir='ltr'><strong>anteriores</strong></span> <span class='ocrx_word' id='word_1_225' title='bbox 661 4022 751 4072; x_wconf 86' lang='lat' dir='ltr'><strong>vero</strong></span> <span class='ocrx_word' id='word_1_226' title='bbox 778 4002 831 4072; x_wconf 88' lang='lat' dir='ltr'><strong>sic</strong></span> <span class='ocrx_word' id='word_1_227' title='bbox 853 3996 1083 4093; x_wconf 84' lang='lat' dir='ltr'><strong>explicandae</strong></span> <span class='ocrx_word' id='word_1_228' title='bbox 1108 4001 1282 4090; x_wconf 90' lang='lat' dir='ltr'><strong>veniunt,</strong></span> <span class='ocrx_word' id='word_1_229' title='bbox 1320 3997 1413 4094; x_wconf 92' lang='lat' dir='ltr'><strong>quod</strong></span> <span class='ocrx_word' id='word_1_230' title='bbox 1547 3987 1548 4006; x_wconf 56' lang='lat'>¹</span> 
     </span>
     <span class='ocr_line' id='line_1_35' title="bbox 216 4097 1413 4190; baseline -0.004 -15"><span class='ocrx_word' id='word_1_231' title='bbox 216 4097 356 4182; x_wconf 87' lang='lat' dir='ltr'><strong>Nobilis</strong></span> <span class='ocrx_word' id='word_1_232' title='bbox 371 4101 447 4171; x_wconf 87' lang='lat' dir='ltr'><strong>turi</strong></span> <span class='ocrx_word' id='word_1_233' title='bbox 468 4108 563 4170; x_wconf 89' lang='lat' dir='ltr'><strong>stare</strong></span> <span class='ocrx_word' id='word_1_234' title='bbox 585 4103 726 4172; x_wconf 85' lang='lat' dir='ltr'><strong>nonnisi</strong></span> <span class='ocrx_word' id='word_1_235' title='bbox 756 4104 791 4172; x_wconf 92' lang='lat' dir='ltr'><strong>iu</strong></span> <span class='ocrx_word' id='word_1_236' title='bbox 812 4101 958 4171; x_wconf 82' lang='lat' dir='ltr'><strong>tudiciis</strong></span> <span class='ocrx_word' id='word_1_237' title='bbox 976 4099 1092 4190; x_wconf 86' lang='lat' dir='ltr'><strong>Regni</strong></span> <span class='ocrx_word' id='word_1_238' title='bbox 1110 4101 1296 4174; x_wconf 86' lang='lat' dir='ltr'><strong>ordinariis</strong></span> <span class='ocrx_word' id='word_1_239' title='bbox 1317 4100 1413 4172; x_wconf 91' lang='lat' dir='ltr'><strong>obli-</strong></span> 
     </span>
     <span class='ocr_line' id='line_1_36' title="bbox 215 4200 1545 4295; baseline -0.007 -19"><span class='ocrx_word' id='word_1_240' title='bbox 215 4215 336 4294; x_wconf 79' lang='lat' dir='ltr'><strong>-getur,</strong></span> <span class='ocrx_word' id='word_1_241' title='bbox 366 4202 447 4274; x_wconf 88' lang='lat' dir='ltr'><strong>dein</strong></span> <span class='ocrx_word' id='word_1_242' title='bbox 465 4204 666 4295; x_wconf 87' lang='lat' dir='ltr'><strong>personalis</strong></span> <span class='ocrx_word' id='word_1_243' title='bbox 693 4200 852 4292; x_wconf 87' lang='lat' dir='ltr'><strong>ejusdem</strong></span> <span class='ocrx_word' id='word_1_244' title='bbox 873 4203 1068 4273; x_wconf 90' lang='lat' dir='ltr'><strong>immunitas</strong></span> <span class='ocrx_word' id='word_1_245' title='bbox 1098 4200 1140 4274; x_wconf 90' lang='lat' dir='ltr'><strong>ab</strong></span> <span class='ocrx_word' id='word_1_246' title='bbox 1161 4205 1255 4274; x_wconf 91' lang='lat' dir='ltr'><strong>omui</strong></span> <span class='ocrx_word' id='word_1_247' title='bbox 1276 4205 1413 4295; x_wconf 81' lang='lat' dir='ltr'><strong>privata</strong></span> <span class='ocrx_word' id='word_1_248' title='bbox 1544 4263 1545 4267; x_wconf 74' lang='grc'>,</span> 
     </span>
     <span class='ocr_line' id='line_1_37' title="bbox 213 4303 1544 4400; baseline -0.001 -27"><span class='ocrx_word' id='word_1_249' title='bbox 213 4303 469 4376; x_wconf 75' lang='lat' dir='ltr'><strong>Jurtsunnona</strong></span> <span class='ocrx_word' id='word_1_250' title='bbox 502 4305 601 4377; x_wconf 85' lang='lat' dir='ltr'><strong>salva</strong></span> <span class='ocrx_word' id='word_1_251' title='bbox 634 4325 775 4400; x_wconf 84' lang='lat' dir='ltr'><strong>semper</strong></span> <span class='ocrx_word' id='word_1_252' title='bbox 800 4304 992 4400; x_wconf 86' lang='lat' dir='ltr'><strong>persistat;</strong></span> <span class='ocrx_word' id='word_1_253' title='bbox 1031 4303 1175 4400; x_wconf 85' lang='lat' dir='ltr'><strong>alterius</strong></span> <span class='ocrx_word' id='word_1_254' title='bbox 1204 4312 1341 4395; x_wconf 90' lang='lat' dir='ltr'><strong>autem,</strong></span> <span class='ocrx_word' id='word_1_255' title='bbox 1375 4311 1415 4372; x_wconf 88' lang='lat' dir='ltr'><strong>ut</strong></span> <span class='ocrx_word' id='word_1_256' title='bbox 1543 4321 1544 4352; x_wconf 60' lang='lat'>¹</span> 
     </span>
    </p>
   </div>
   <div class='ocr_carea' id='block_1_7' title="bbox 246 4469 600 4540">
    <p class='ocr_par' dir='ltr' id='par_1_7' title="bbox 246 4469 600 4540">
     <span class='ocr_line' id='line_1_38' title="bbox 246 4469 600 4540; baseline 0.017 -17"><span class='ocrx_word' id='word_1_257' title='bbox 246 4470 275 4540; x_wconf 70' lang='grc' dir='ltr'><strong>ι)</strong></span> <span class='ocrx_word' id='word_1_258' title='bbox 293 4469 347 4526; x_wconf 81' lang='lat' dir='ltr'><strong>co.</strong></span> <span class='ocrx_word' id='word_1_259' title='bbox 364 4470 404 4526; x_wconf 82' lang='lat' dir='ltr'><strong>dt</strong></span> <span class='ocrx_word' id='word_1_260' title='bbox 421 4480 450 4528; x_wconf 80' lang='lat' dir='ltr'><strong>et</strong></span> <span class='ocrx_word' id='word_1_261' title='bbox 467 4475 546 4530; x_wconf 77' lang='lat' dir='ltr'><strong>assu.</strong></span> <span class='ocrx_word' id='word_1_262' title='bbox 563 4475 600 4530; x_wconf 75' lang='lat' dir='ltr'><strong>a,</strong></span> 
     </span>
    </p>
   </div>
   <div class='ocr_carea' id='block_1_8' title="bbox 0 0 1584 4864">
    <p class='ocr_par' dir='ltr' id='par_1_8' title="bbox 0 0 1584 4864">
     <span class='ocr_line' id='line_1_39' title="bbox 0 0 1584 4864; baseline 0 0"><span class='ocrx_word' id='word_1_263' title='bbox 0 0 1584 4864; x_wconf 95' lang='lat' dir='ltr'><strong> </strong></span> 
     </span>
    </p>
   </div>
  </div>
 </body>
</html>
