3122 4852
221 247 270 320 98

263 413 304 502 l)
328 413 613 494 „Cunctorum—
648 411 692 477 ait
726 411 758 478 ia
789 435 854 478 rem
886 421 1080 496 praesentem
1112 414 1305 482 Verbbezius
1319 415 1421 501 ·-·-)

307 523 449 586 „quoque
472 501 690 564 Dominorum
700 501 927 578 Praelatorum,
949 511 979 566 et
1005 503 1155 568 Virorum
1177 504 1423 589 Ecclesiastico-

306 610 396 668 „rum
419 587 601 667 Princeps
593 606 661 667 epse
685 608 779 650 verus
802 590 930 668 pariter,
953 597 983 652 et
1005 589 1164 671 legitimus
1181 610 1348 652 successor
1363 599 1422 665 est,

306 696 388 754 „non
412 683 559 753 quantum
584 675 622 736 ad
647 675 810 750 bonorum,
833 683 863 735 et
885 674 1011 738 Jurium
1036 678 1358 753 possessionariorum
1382 675 1422 738 ab

306 760 469 840 „Ecclesia
491 760 768 835 abalienationem,
801 769 831 820 at
861 763 1159 839 sequestrationem,
1192 766 1420 842 scelerantem

307 847 418 925 „alteri
452 844 655 923 (vacantibus
685 844 937 909 Praeleturarnm
969 849 1115 923 sedibus,
1151 857 1181 910 et
1209 848 1420 912 Ecclesiarum

306 933 556 1010 „rectoratibusl
590 933 628 994 acl
663 933 897 1012 gubernandum
940 951 1008 1002 eum
1040 934 1181 997 Ecclesia
1214 933 1421 1011 collationem,

306 1019 417 1095 „salvo
433 1019 512 1081 Jure
529 1017 782 1082 confirmationis
799 1017 1175 1100 Arabi-Episcopatuum,
1199 1027 1229 1081 et
1241 1020 1421 1101 Episcopa-

306 1116 427 1183 „tuum‚
462 1123 540 1185 quae
570 1103 793 1166 turtsriettoni
827 1105 859 1168 S.
894 1105 1024 1166 Sanctae
1070 1106 1228 1168 Romanae
1261 1106 1419 1169 Ecclesiae

306 1191 712 1273 „subesse.rlignoscitur.“

743 1383 780 1470 §.
809 1386 896 1458 484.

223 1531 979 1622 Ooc'dImperunrz'zntoz'tnRelepz‘oeorom
999 1531 1176 1603 ardenam
1188 1539 1421 1625 proprium?

321 1676 495 1769 Principia
526 1686 602 1747 toto
631 1674 700 1746 hoc
730 1673 854 1769 Capite
880 1677 1029 1746 adducta
1049 1686 1173 1770 suapte
1204 1699 1272 1750 nos
1291 1686 1421 1774 perui·-

219 1777 305 1848 dere
336 1776 488 1866 iaciunt,
517 1799 688 1872 quaenam
715 1777 808 1869 Regi
836 1777 953 1871 quoad
977 1774 1252 1850 Coenobitarum
1281 1781 1422 1852 Contu-

217 1879 340 1952 bernia
358 1890 572 1974 competant.
601 1877 696 1952 Sane
714 1881 778 1950 vix
806 1901 915 1951 unus:
945 1881 1013 1950 nisi
1031 1881 1067 1950 in
1093 1901 1217 1969 sacra,
1245 1882 1422 1974 prolana·-

220 2004 288 2076 que
306 1981 402 2054 Juris
422 1984 568 2056 scientia
589 2003 737 2076 prorsus
756 1984 993 2075 peregrinus,
1012 1981 1178 2073 negabit,
1207 1986 1330 2074 regiae
1348 2007 1420 2078 po-

220 2088 341 2158 testati
360 2087 537 2178 integrum
567 2105 672 2174 esse,
699 2083 928 2176 Regularium
947 2082 1083 2155 Statuta
1112 2087 1329 2174 exantinare,
1348 2109 1420 2158 no·-

218 2190 289 2260 xiis
309 2185 444 2258 obicem
463 2209 621 2284 ponere,
656 2195 808 2258 aetatem
827 2185 974 2258 delinire
994 2185 1038 2256 ad
1056 2184 1230 2258 elicienda
1248 2189 1419 2280 religiosa

220 2298 306 2360 vota
334 2292 562 2382 requisitam3
592 2287 741 2373 tollere,
770 2299 828 2358 aut
856 2284 1148 2358 circumscribere
1176 2311 1306 2360 nexum
1343 2310 1420 2361 cam

221 2386 683 2483 extraneisSuperioribus.
705 2386 784 2457 illos
805 2397 992 2481 praeterea
1009 2387 1336 2481 coepitAuetriacis
1356 2391 1419 2464 seb

221 2489 398 2583 Regibus,
436 2491 586 2562 Ordines
624 2488 818 2580 religiosos
849 2487 893 2558 ad
919 2488 1090 2582 Regnum·
1115 2491 1315 2582 admissos,
1352 2516 1417 2588 pro

221 2596 378 2686 receptis
398 2615 499 2681 cum,
516 2592 576 2663 vel
597 2593 673 2663 sine
693 2590 972 2671 facultatehona
991 2589 1180 2664 immobilia
1198 2595 1418 2687 possidendi,

220 2697 369 2766 nuncios
398 2698 482 2764 item
510 2692 553 2764 ad
578 2693 743 2764 Diaetam'
768 2695 951 2777 mittendi,
979 2692 1128 2764 articulo
1155 2694 1330 2768 mediante
1349 2696 1419 2767 de-

195 2795 356 2866 'clarare
388 2794 433 2885 b).
473 2792 707 2868 Constitutum
735 2795 874 2887 legibus
898 2796 1072 2887 denique,
1101 2817 1146 2868 ne
1175 2799 1210 2866 in
1237 2810 1419 2892 poctarum
1550 2831 1551 2836 ι

224 2893 409 2989 Collegia,
439 2908 473 2968 et
494 2894 655 2967 Claustra
678 2899 883 2990 quorumvis
903 2896 1167 2990 Religiosorum
1188 2901 1264 2971 sine
1283 2921 1417 2972 neces-

222 3001 325 3070 sitate
336 2997 579 3093 Reipublicae,
591 2997 977 3092 ctRegiaelllajestatis
988 3013 1344 3092 assensuaugeantur
1373 3008 1416 3086 c).

741 3229 778 3319 §-
807 3207 894 3302 aaa.

696 3377 947 3468 Religionum.

322 3523 532 3618 Religiones
550 3525 586 3596 in
613 3524 739 3618 Regno
758 3524 961 3619 Hungariac
990 3524 1033 3597 ab
1052 3527 1157 3599 avitis
1175 3526 1288 3599 sacris
1307 3547 1420 3620 pere-

221 3631 341 3721 grinas
361 3639 434 3700 tres
454 3625 603 3699 hucdum
622 3649 835 3700 noveramus
869 3628 1093 3700 comitialiter
1111 3636 1297 3721 receptas:
1324 3627 1420 3700 Pro-

221 3733 448 3816 testantium,
478 3729 785 3819 Reformatorem,
814 3740 848 3802 et
875 3728 1100 3818 Graecorum.
1128 3729 1288 3802 Priorum
1313 3733 1420 3820 ratio,

221 3831 388 3920 libertae,
425 3838 460 3901 et
484 3833 564 3919 jura
593 3870 645 3882 -
674 3842 711 3905 ut
739 3851 845 3925 supra
872 3832 1010 3920 ajebam
1038 3871 1090 3884 --
1120 3855 1139 3902 a
1168 3830 1419 3906 Pacilicatione

221 3933 438 4022 Viennensi,
460 3943 495 4003 et
513 3929 716 4024 Linciensi,
737 3955 881 4028 quarum
899 3931 1047 4029 utraque
1067 3937 1103 4005 in
1120 3933 1238 4028 legem
1258 3936 1342 4007 abiit
1371 3933 1420 4026 ἃ),

220 4081 433 4094 *ιι-υ,-

250 4155 277 4218 n)
295 4157 324 4206 r.
343 4158 363 4206 ι.
383 4160 412 4205 ιι.
434 4155 475 4205 ιο.
495 4153 572 4205 1791.
591 4119 655 4204 aas

250 4239 279 4305 ¹³)
300 4243 367 4303 Vide
382 4245 448 4294 Dec
469 4241 539 4292 Auni
557 4242 633 4294 1687.
648 4247 675 4292 et
690 4239 827 4304 sequiora.

252 4324 278 4389 c)
298 4330 377 4379 1723.
397 4329 455 4378 roa.

251 4405 279 4470 a,
299 4411 504 4459 necessest.
526 4435 555 4446 -
577 4405 654 4460 rear.
673 4406 715 4459 ιι.
