3124 4868
220 274 314 380 rec
342 285 344 288 ’

221 444 328 537 nique
345 439 536 534 vestigium
555 449 711 530 exstare,
730 453 933 526 exactorum
951 443 988 515 in
1006 438 1165 516 Comitiis
1183 441 1228 516 de
1246 443 1418 518 similibus

221 542 457 638 proventibus
482 545 657 615 rationum
688 546 733 635 ⁸).

746 745 781 832 §.
812 749 898 820 584.

434 897 464 967 Α
491 909 632 968 notura
660 895 902 968 coronolz'um
925 913 1185 989 proventuum.

323 1040 425 1116 Stent
451 1045 519 1117 ista
536 1045 709 1137 tantisper
739 1046 869 1134 omnic,
897 1047 999 1138 quasi
1024 1047 1129 1141 plene
1150 1043 1322 1140 probata,
1350 1066 1416 1119 se-

221 1153 347 1238 quetur
374 1165 419 1216 ne
437 1143 518 1216 inde
537 1144 888 1237 Regem-fructuum,
934 1169 981 1218 ex
1015 1146 1085 1219 hoc
1113 1147 1239 1240 regati,
1267 1147 1415 1242 aliisque

221 1245 446 1321 coronalibus
463 1245 567 1318 honis
592 1247 849 1337 resultantium,
872 1252 1036 1342 pretium,
1064 1258 1238 1343 tamquam
1255 1252 1309 1320 rei
1328 1271 1415 1323 suae
1473 1271 1476 1276 ’

221 1347 378 1443 defigere
396 1371 467 1421 non
494 1350 684 1444 potuisse?
710 1354 791 1444 quia
814 1361 896 1446 post
922 1349 995 1422 fata
1012 1349 1165 1425 Mathiao
1187 1348 1332 1425 Corvini
1352 1373 1413 1426 res

200 1472 344 1540 novas,
372 1473 537 1546 novaque
563 1473 703 1573 semper
720 1453 848 1525 tributa
866 1451 1056 1543 molientis,
1085 1454 1251 1526 articulus
1277 1452 1411 1550 depre-

217 1550 380 1625 henditur
399 1552 573 1641 conditus,
617 1564 655 1625 ut
680 1558 724 1626 iis
755 1554 909 1646 abolitis9
946 1555 1026 1628 Rex
1062 1555 1187 1627 dehinc
1222 1553 1473 1628 ordinariis'

214 1651 445 1749 proventibus
466 1663 711 1743 contentetur3
749 1667 808 1727 aut
835 1656 929 1728 forte
958 1661 1112 1746 sanctio,
1152 1679 1242 1751 quae
1276 1657 1410 1731 reditus

216 1755 478 1850 qualescunque
496 1764 595 1826 certo
615 1754 744 1827 addicit
772 1757 856 1846 lini,
893 1780 936 1830 eo
964 1761 1043 1852 ipso
1074 1758 1272 1830 libertatem
1297 1763 1410 1855 pretia

215 1855 391 1950 defigendi
409 1859 622 1930 restrinxit?
665 1858 719 1928 De
757 1861 892 1930 exactis
924 1858 1110 1954 aliquando
1138 1863 1333 1935 rationibus
1361 1861 1410 1932 nil

216 1981 305 2055 opus
334 1959 447 2032 habeo
466 1960 709 2055 responder03
737 1961 798 2032 lex
825 1965 916 2056 ipsa,
945 1984 1048 2056 quarn
1076 1965 1196 2052 citant,
1225 1963 1407 2056 ejusdem-

214 2083 282 2156 que
302 2083 420 2152 causa,
448 2072 484 2134 et
502 2062 665 2156 adjuncta
685 2073 882 2158 temporum
899 2063 940 2153 s)
971 2067 1310 2158 argumentationem
1342 2064 1409 2136 ad-

211 2166 454 2240 versariorum
473 2164 610 2237 abunde
643 2172 848 2238 eutenuent.

256 2307 295 2394 *)
320 2309 493 2373 Ordinatur
516 2311 639 2372 scilicet
661 2311 887 2392 pervestigatio
909 2330 966 2392 per
987 2310 1139 2388 quosdam
1163 2295 1343 2390 deligendos
1365 2313 1409 2374 ob
1455 2370 1458 2375 .

296 2415 363 2458 oum
387 2395 526 2475 praecise
556 2415 683 2459 causum
706 2397 923 2476 suscipienda,
955 2404 988 2457 ut
1010 2400 1146 2458 constet:
1179 2403 1253 2473 quot
1276 2413 1346 2456 uem
1370 2399 1410 2458 de

298 2483 531 2632 pqqevpqutibus
533 2483 630 2564 regiis
663 2483 816 2544 Benderie
848 2480 967 2564 regalia
996 2477 1143 2558 candori,
1177 2481 1410 2562 sustentarique

744 2718 780 2842 §ss
811 2759 909 2828 ese„

546 2901 635 2973 'Vel
658 2902 705 2972 ab
735 2901 916 2994 exemplis
939 2909 1068 2995 pereto.

311 3045 482 3144 Exempla
495 3048 625 3142 legum,
643 3071 733 3143 quae
753 3050 944 3122 ostendere
963 3049 1146 3140 deberent,
1166 3052 1405 3147 Regesprae-

211 3151 423 3224 decessores
435 3174 511 3221 cum
523 3149 677 3225 Statibns
692 3155 785 3223 circa
794 3156 944 3248 pretium
957 3153 1049 3226 Salis
1062 3154 1256 3224 comitiales
1268 3152 1405 3227 fovisse

208 3261 390 3344 tractatus,
415 3253 476 3327 vel
493 3253 552 3324 illa
566 3263 819 3347 provocantur,
840 3257 939 3348 queis
953 3253 1045 3327 Salis
1063 3258 1202 3326 externi
1223 3257 1405 3329 invectio-

208 3378 302 3445 nem,
323 3377 493 3448 usumque
512 3354 691 3427 nonnullis
702 3355 818 3449 Regni
839 3354 995 3450 partibus
1019 3356 1207 3428 admissum
1226 3355 1404 3430 indicavi-

206 3458 364 3548 mus‚vel
376 3478 520 3551 quarum
531 3455 713 3530 tenoribus
723 3461 858 3550 gratiae
871 3468 1020 3552 aguntur
1050 3456 1403 3554 hJprolevioripre-

205 3561 270 3650 tio,
282 3557 540 3656 postulantibus
550 3558 770 3650 Regnicolis,
784 3582 826 3630 ea
844 3562 1054 3631 inmensura
1065 3561 1402 3655 eoncess0‚quatem

207 3683 272 3736 suo
303 3683 367 3757 pro
397 3659 540 3731 arbitrio
578 3661 760 3755 Principes
796 3671 832 3732 et
859 3668 1047 3735 reservato
1078 3664 1172 3733 circa
1200 3662 1268 3732 hoc
1301 3683 1402 3735 suum

208 3761 346 3855 Regale
363 3762 466 3852 jure,
495 3781 535 3833 se
564 3762 763 3834 concedere
791 3783 902 3859 posse
932 3765 1193 3852 existimarunt,
1220 3761 1282 3834 vel
1310 3763 1402 3838 tales

208 3873 326 3954 certe,
353 3861 413 3933 ubi
439 3861 633 3934 accedente
661 3864 832 3960 Principis
852 3887 1052 3955 consensu
1079 3885 1161 3959 pars
1181 3867 1401 3958 erogationis

207 3965 412 4068 quaedam
403 3986 439 4036 ιιι
468 3963 627 4060 publicos
652 3965 763 4057 lines,
802 3972 1084 4042 necessitatesve
1114 3965 1309 4058 destinata,
1335 3990 1401 4064 per

200 4074 352 4168 pretium
372 4063 465 4142 Salis
485 4071 690 4164 supportari
710 4069 911 4145 decernitur
942 4070 986 4161 ).

112 4242 122 4261 '
231 4275 390 4336 >runnu
391 4315 398 4331 .

230 4343 614 4426 ηωιηωι

233 4441 353 4516 etneor.
371 4449 413 4508 ιι.
