3138 4858
203 213 251 286 36

186 388 330 462 'iterum
355 379 541 471 restricta,
569 378 710 453 minime
738 378 860 454 elicies
888 377 924 452 in
951 375 1229 476 legislationem
1257 391 1406 462 cunctos
1505 355 1510 362 ’

202 487 319 581 Regni
336 485 485 560 Nobiles
502 485 633 560 uiritim
651 484 831 572 duntaxat,
853 492 890 554 et
906 504 978 557 non
997 485 1101 558 aliter
1114 485 1197 560 olim
1207 485 1405 564 induxisse.

246 630 264 668 it
650 665 691 678 ,,
742 631 750 648 ‘
869 631 877 648 ‘
971 645 983 672 e
1027 666 1068 679 ,-

265 633 669 797 leittitnltn,
699 629 1188 820 ,tillidiillicitis
1219 643 1405 802 {titii

286 845 357 970 :it
379 805 629 956 rell-inlidi
638 804 1114 976 ‘stttilttittttlt
1137 807 1404 960 ltltttltl’

286 998 409 1056 „mus,
443 981 489 1042 sie
522 978 683 1054 videlieet,
719 987 759 1040 ut
792 979 836 1040 de
870 977 1059 1058 singulis
1093 978 1233 1058 ipsius
1269 983 1401 1066 Regni

174 1067 175 1070 ’
286 1064 453 1142 „Nostri
488 1063 764 1129 comitatibus
798 1071 971 1143 quatuor
1004 1063 1196 1142 potiores
1225 1067 1400 1134 Nobiles

283 1151 343 1227 „ad
360 1152 452 1228 diem,
475 1160 505 1214 et
527 1151 628 1213 locum
652 1149 827 1230 praedictos
848 1148 1015 1211 convenire
1036 1149 1240 1214 debuissent“
1266 1162 1321 1219 etc.
1343 1165 1401 1219 etc.

280 1235 420 1298 Eundem
451 1237 532 1301 luno
562 1253 677 1299 metram
701 1235 922 1316 sigismundus
953 1243 1122 1315 sequutus,
1152 1237 1400 1305 luculentissima

283 1324 469 1407 testatori)
503 1325 543 1385 ad
575 1321 798 1384 consulendum
833 1322 916 1384 circe
950 1323 1049 1383 ardue
1079 1323 1179 1405 Regni
1210 1329 1334 1407 negotia
1357 1348 1399 1392 se

280 1409 505 1474 universos
539 1408 784 1484 Praelatos,
807 1407 989 1472 Abbates
1022 1407 1319 1490 Praepositoc‚
1356 1422 1396 1477 et

283 1493 461 1558 Berones
483 1495 626 1577 Regni,
649 1514 717 1558 nec
739 1513 813 1556 uon
837 1495 879 1558 de
902 1490 1072 1577 quelibet
1096 1493 1293 1562 Comitatus
1314 1502 1396 1562 oio-

275 1577 397 1662 puloo
429 1586 602 1664 quatuor
634 1579 805 1661 probae,
836 1582 875 1644 et
908 1574 1080 1644 Nobiles
1119 1582 1232 1647 Viros
1269 1584 1396 1665 plena

278 1674 481 1743 potestate
516 1673 773 1728 caeterorum
807 1664 1094 1728 consociorum
1129 1668 1315 1749 ipsorum
1346 1672 1397 1736 ad

277 1754 406 1814 omnio
438 1751 661 1816 ordinanda
686 1749 909 1837 fungentes
942 1769 1014 1830 pro
1050 1749 1395 1837 congregatione,

278 1843 315 1898 et
332 1836 533 1902 'Consilio
555 1837 746 1918 generali
768 1837 927 1900 iecisse
950 1839 1166 1902 accersiri.
1188 1841 1259 1903 Non
1284 1852 1390 1922 repeto

277 1923 416 2003 reliquas
434 1924 592 2009 ejusmodi
613 1923 779 2001 formulas,
802 1925 834 1985 ln
854 1923 1117 2004 subsequentibus
1136 1926 1252 2009 Regum
1269 1928 1391 1990 Deera-

273 2010 325 2082 tis,
349 2012 386 2070 ad
412 2031 488 2091 quiae
518 2011 716 2091 praecedenti
750 2010 948 2091 paragrapho
969 2012 1229 2089 promeruimus,
1251 2014 1392 2093 patulas,

274 2097 346 2175 qnia
368 2097 519 2162 ulteriora
541 2095 680 2176 exempla
701 2116 870 2179 congerere
897 2114 1162 2175 supervacaneum
1185 2097 1283 2181 iuret,
1307 2120 1391 2162 non-

272 2181 359 2244 nulla
381 2183 513 2268 insuper
534 2181 619 2250 inira
641 2181 723 2246 haud
747 2181 895 2246 defutura
917 2183 1098 2262 praevideo.

709 2374 746 2461 ς.
776 2373 861 2448 379.

242 2526 386 2597 Partim
405 2529 443 2595 to
456 2541 638 2614 persone,
652 2527 798 2614 partim
816 2521 941 2595 medea
959 2533 1335 2616 repraesentantium.

289 2671 353 2744 Jus
380 2674 497 2766 itaque
517 2667 747 2743 comitiorum
772 2675 1059 2765 praerogativam
1086 2673 1264 2764 Statibus,
1285 2685 1389 2770 atque

187 2773 374 2849 Ordinibus
393 2773 508 2866 Regni
527 2777 706 2869 propriam
725 2776 901 2862 evasisse,
923 2775 1034 2869 liquet
1053 2797 1099 2845 ex
1112 2773 1288 2848 'hactenus
1309 2774 1389 2847 dic-

186 2883 243 2950 tis.
272 2875 404 2948 Horum
434 2897 560 2968 nempe
590 2875 725 2949 classes
756 2885 926 2970 quatuor,
954 2877 1195 2949 Praelutorum
1213 2879 1386 2967 nimirum,

184 2980 400 3073 Magnetum,
427 2976 461 3048 N
463 2977 629 3050 obilitatis
651 2980 735 3049 item
753 2977 950 3071 Equestris,
978 2988 1014 3049 et
1032 2975 1218 3052 Civitatum
1237 2978 1387 3051 Libera-

114 3087 115 3090 ’
184 3107 260 3155 rum
279 3083 492 3175 Regiorum,
520 3079 835 3176 nonnullorumque
852 3077 1181 3175 Communitutum,
1207 3084 1386 3179 partimin

146 3228 150 3233 -
181 3187 484 3282 persona,partim
504 3206 571 3277 qua
591 3206 735 3258 suorum
748 3182 1036 3255 committentium
1045 3183 1385 3280 &praesentantes

184 3288 381 3358 diaetaliter
410 3291 631 3380 congregati,
651 3294 739 3359 uoto
758 3283 906 3374 ibidem,
935 3309 976 3358 ao
1003 3285 1175 3360 Sessione
1193 3287 1383 3383 pollebant.

181 3391 327 3461 Praeter
346 3388 412 3461 hos
431 3410 477 3461 ne
497 3387 567 3462 Sua
585 3388 756 3478 Najestas
774 3386 887 3479 Regia
907 3385 1032 3460 demtis
1050 3389 1134 3480 illis,
1157 3387 1384 3486 quipublieis

179 3491 296 3587 Regni
315 3489 447 3564 Officiis
467 3489 672 3585 iunguntur,
692 3497 834 3586 utpote:
859 3485 1153 3580 „Consiliarii
1181 3488 1383 3576 Nobiles,

181 3594 399 3690 „iudices
438 3593 590 3689 Regni
629 3591 891 3680 Ordinarii,
937 3613 1094 3666 eorum
1130 3591 1271 3663 Vices
1299 3610 1383 3684 ge-

178 3705 366 3792 „rentes
400 3695 756 3785 Protonotarii,
795 3702 840 3764 et
874 3691 1034 3766 Jurati
1068 3694 1381 3767 secessores

178 3797 411 3897 „Tabulae
437 3795 616 3889 Regiae
643 3797 696 3867 ad
731 3794 933 3868 Comitia
960 3795 1215 3890 generalia
1243 3792 1382 3864 adhi-

179 3903 331 3998 „beat,
370 3919 624 3995 eorumque
664 3909 777 3972 vcta
811 3900 953 3990 juxta
989 3899 1229 3992 antiquum
1255 3915 1383 3970 usum

178 4017 248 4100 „et
275 4004 546 4079 sessionem
574 4001 907 4073 admittantur“
936 3999 1115 4071 decretum
1137 4008 1193 4074 est
1217 3996 1380 4072 Articulo

181 4113 221 4180 1:
246 4110 353 4181 1608.
376 4106 435 4198 qui
454 4103 533 4175 dum
552 4103 753 4198 Hungariae
772 4103 906 4192 Status,
923 4110 959 4173 et
977 4100 1127 4178 Ordines
1147 4125 1168 4174 e
1187 4124 1294 4201 supra
1312 4101 1381 4173 de-

170 4241 387 4272 ,μ’-..-

206 4297 233 4363 ·)
253 4300 330 4354 Goui.
342 4298 503 4353 llovachloh
522 4300 549 4351 lu
567 4299 657 4352 Praei.
676 4298 709 4350 ud
728 4297 807 4352 vest
827 4295 924 4350 comit.
942 4311 969 4364 p.
988 4301 1049 4378 bl.¹

208 4383 239 4452 b)
258 4386 318 4440 Vld.
337 4386 416 4452 Supl.
433 4387 467 4440 ud
484 4387 563 4441 Veet.
583 4385 680 4442 Gemit.
699 4399 724 4451 p·
741 4381 803 4442 894.
