3142 4862
200 243 247 316 14

199 436 265 486 ceu
292 421 395 508 pacta
415 417 601 485 conventa
627 412 766 507 legibus
792 413 829 482 fn
856 409 933 482 Art.
966 412 1025 482 11ιο
1057 409 1165 482 1606.
1186 427 1217 478 a.
1242 427 1273 478 6.
1293 409 1396 480 615ω

201 519 309 589 1617.
361 517 557 610 expressis,
585 514 719 588 firmata
739 520 965 608 comparent,
992 521 1135 606 praeter
1154 509 1241 581 alias
1265 509 1402 598 jurium·

196 617 313 710 Regni
341 615 609 710 stipulationes,
638 617 787 688 liberum
812 615 1012 707 Religionis
1034 615 1244 684 exercitium
1270 609 1395 683 Evan-

198 720 323 811 gelicis
351 723 533 812 utriusque
560 717 807 791 Confessionis
833 715 965 787 Incolis
995 714 1180 800 addicunt,
1224 712 1396 805 simulque

196 820 329 906 basim,
357 827 393 890 61
410 817 672 891 fundamentum
691 821 868 914 sequioris
888 816 967 889 Art.
988 817 1048 889 26.
1072 817 1180 890 1790.
1201 816 1238 885 in
1255 813 1398 885 Decre-

198 932 270 991 tum
288 919 407 990 illatae
427 920 658 994 ordinationis
679 922 847 1009 efficiunt,
876 941 945 1013 qua
966 920 1128 990 nimirum
1146 915 1295 988 liberum
1313 913 1400 987 illud

199 1025 407 1093 exercitium
433 1023 470 1091 in
498 1023 625 1116 Regno
656 1023 881 1116 Hungariae,
909 1021 1047 1115 aliaque
1076 1041 1154 1090 cum
1171 1015 1241 1089 hoo
1259 1016 1400 1089 cobae-

199 1125 313 1192 reutia
353 1124 480 1192 iterum
515 1123 746 1214 confirmata,
784 1134 820 1194 et
857 1122 1000 1192 uberius
1041 1119 1218 1193 declarata
1246 1117 1400 1190 fuerunt.

200 1223 333 1309 Quibus
370 1227 582 1319 perpensis,
617 1228 719 1319 leges
754 1229 865 1315 istas,
902 1245 922 1294 6
961 1226 1055 1294 serie
1090 1220 1402 1292 fundamentalium

202 1327 314 1397 omitti
342 1347 413 1396 non
440 1348 575 1421 posse,
603 1349 752 1422 pronum
779 1337 846 1399 cst.
873 1326 954 1408 Pari
981 1326 1158 1420 aequitate
1182 1325 1402 1417 insequenti

202 1425 352 1499 articulo
371 1425 502 1501 Incolis
515 1427 642 1502 Graeci
658 1430 759 1502 Ritus
779 1451 851 1500 non
869 1430 974 1499 unitis
994 1436 1222 1523 prospectum
1240 1424 1400 1495 babetur.

698 1601 734 1686 §.
762 1595 892 1672 XXVI.

502 1726 543 1796 4⁰
572 1724 736 1798 Articuli
749 1727 778 1796 1.
799 1725 835 1796 2.
861 1739 897 1795 et
913 1725 949 1794 3.
974 1724 1088 1796 1723.

304 1868 530 1943 domnorum
568 1894 661 1944 anuo
692 1874 888 1967 superioris
920 1873 1053 1944 saeculi
1085 1875 1257 1946 vicesimo
1294 1881 1401 1951 tertio

202 1971 410 2062 habitorum,
430 1975 567 2046 articuli
589 1977 636 2061 1.,
664 1975 698 2046 2.
720 1976 808 2045 613.
828 1995 893 2068 pro
913 1974 1051 2067 legibus
1071 1974 1400 2068 fundamentalibus,

172 2073 367 2167 'fonteque
399 2075 494 2147 Juris
524 2077 638 2148 nostri
672 2075 802 2169 publici
830 2073 935 2145 facile
965 2075 1143 2147 uberrimo
1180 2076 1396 2152 deserviunt.

200 2175 326 2258 Disoes
356 2176 437 2248 binc
464 2200 594 2249 nexum
621 2175 823 2270 Hungariae
850 2199 928 2247 cunr
946 2177 1093 2271 reliquis
1111 2179 1296 2271 Augustae
1319 2180 1400 2252 Do·-

200 2299 276 2348 mus
315 2276 527 2368 ditionibus,
554 2277 617 2350 Jus
656 2277 905 2348 bereditarium
948 2281 985 2350 iu
1023 2277 1261 2371 Hungariam,
1296 2284 1400 2375 eique

201 2377 358 2450 adnexas
377 2383 601 2473 provincias,
630 2390 666 2450 et
692 2379 818 2472 Regna
835 2390 917 2473 post
936 2381 1148 2452 exstinctum
1174 2382 1402 2453 masculinum

202 2489 327 2552 'sexum
357 2478 481 2552 Gentis
510 2479 1008 2574 Habsburgioo-Austriacae
1045 2481 1088 2552 ad
1120 2481 1264 2553 feminei
1292 2503 1400 2556 sexus

202 2591 371 2674 post-eros
385 2580 557 2670 delatum3
576 2586 803 2654 constitutum
815 2585 907 2653 inter
919 2603 982 2654 eos
996 2582 1210 2655 succedendi
1221 2583 1398 2672 ordinem,

203 2680 392 2754 stabilitam
430 2684 546 2777 Regni
581 2689 774 2772 unitatem,
809 2686 1035 2778 partitionem
1061 2685 1218 2774 cujusvis
1256 2690 1401 2778 generis

192 2795 453 2877 respuentem3
481 2797 658 2859 servatam
686 2788 829 2857 nonnisi
858 2784 902 2854 ad
928 2807 1048 2857 casum
1073 2783 1234 2857 defectus
1254 2787 1401 2859 alterius

201 2882 313 2975 Regis
333 2885 488 2979 eligendi
506 2885 725 2975 libertatem3
745 2886 1029 2978 Inaugurationis
1057 2887 1216 2958 solennis
1236 2900 1272 2961 et
1289 2909 1401 2983 prae-

203 2984 319 3056 standi
346 2989 441 3058 soliti
471 2988 665 3060 duramenti
701 2981 975 3074 necessitatem}
1021 2985 1139 3059 discos
1171 2986 1307 3060 demum
1335 2988 1402 3060 hac

201 3089 279 3179 ipsa
308 3086 448 3159 solenni
478 3093 669 3162 occasione
699 3089 801 3161 simul
826 3086 933 3176 Jura,
961 3091 1251 3182 praerogativas,
1287 3089 1401 3161 liber-

202 3195 293 3259 tates
331 3187 511 3280 Statuum,
559 3203 594 3264 et
639 3189 804 3261 Ordinum
849 3188 986 3281 Regni,
1026 3189 1248 3282 Partiumque
1286 3190 1414 3274 eidem

203 3286 432 3380 adnexarum,
453 3294 685 3385 transscripta
704 3289 747 3360 ad
767 3310 1001 3364 successores
1020 3289 1250 3386 obligatione,
1278 3293 1401 3368 muiu-

203 3387 356 3462 labiliter
384 3392 651 3466 conservandas
672 3390 826 3462 decerni.

725 3595 733 3610 .
761 3540 908 3613 XXVII.

366 3663 415 3738 5ὶο
435 3671 529 3741 Item
553 3542 732 3742 66666111·
748 3671 996 3740 Corneliorum
1013 3670 1115 3740 Anne·
1129 3667 1178 3738 17
1179 3667 1234 3739 91.

268 3892 270 3896 ¹
306 3809 387 3882 Non
414 3835 461 3886 ex
486 3816 607 3887 indole
625 3816 755 3905 modo,
782 3837 907 3888 varum
937 3825 1123 3910 exaperta
1150 3817 1297 3909 insuper
1324 3810 1399 3882 Le-

202 3910 402 4002 gislationis
421 3915 647 4010 professione
678 3920 710 4008 ⁸)
730 3918 807 3989 Art.
832 3921 914 4006 10.,
946 3919 1018 4006 12.,
1050 3919 1106 3989 13.
1128 3919 1257 4004 6119,
1288 3915 1396 3986 1791.

202 4011 483 4089 fundamentales
511 4029 601 4088 sunt.
639 4018 771 4089 Horum
805 4023 960 4114 primus,
998 4019 1098 4108 cujus
1127 4028 1263 4113 partem
1293 4036 1398 4110 supra

204 4115 401 4208 attulimus,
427 4118 522 4210 (IV)
553 4119 669 4211 Regni
687 4120 994 4216 independentiam
1013 4119 1151 4208 definit,
1172 4118 1273 4209 alter,
1294 4126 1399 4212 atque

203 4221 328 4292 tertius
356 4220 400 4291 de
427 4221 666 4315 legislativae,
699 4231 803 4316 atque
834 4225 1045 4296 executivae
1070 4224 1259 4318 potestatis
1286 4241 1398 4294 exer-

199 4344 405 4362 ᾖ

204 4410 206 4414 ·
237 4385 265 4454 ¹)
283 4393 360 4446 1⁸25.
378 4393 404 4446 3.
