3144 4860
130 200 252 290 'ue

202 385 288 458 Belo
313 379 373 456 III.
401 383 472 456 lilio
501 379 684 474 limerico,
712 393 749 457 et
778 383 960 458 sioraco
988 388 1151 478 tempora
1165 381 1258 456 ‘aliis
1285 385 1398 478 regiis

201 484 359 584 prolibus
378 485 535 578 Rumam,
562 487 741 576 Bosniam,
769 484 1050 558 Transilvaniam
1068 484 1192 577 Regis·
1206 484 1268 560 vel
1286 485 1397 560 Ducis

201 589 302 664 titulo
314 609 521 682 concessas,
532 589 759 682 relictasquc,
771 589 849 681 quis
867 585 949 659 inde
969 607 1091 659 omncs
1110 607 1173 658 eas
1185 587 1396 664 Provincias

201 713 222 761 a
241 690 381 764 Corona
400 690 505 785 plene
524 690 680 779 avulsas,
699 701 735 762 ct
755 710 825 761 nec
843 686 1053 778 clientelari,
1072 709 1188 782 nequo
1207 688 1279 762 alio
1298 712 1395 762 nexu

200 814 310 888 porro
329 792 443 866 eidem
461 795 669 885 conjunctas
687 793 930 889 permansisse
948 789 1188 886 praetendet?

732 999 770 1084 §·
799 997 860 1070 29.

678 1143 924 1236 desaltentur.

300 1287 418 1362 Exeo
436 1287 704 1385 proinda,quod
720 1285 878 1362 Belalll.
899 1309 971 1362 nou
989 1307 1043 1380 se,
1064 1287 1129 1362 sed
1147 1286 1256 1362 lilium
1275 1288 1393 1364 denuo

197 1392 393 1487 adquisitae
412 1390 534 1463 ditioni
552 1387 780 1486 praefecerit,
799 1400 922 1462 natura
942 1392 1072 1485 privati
1091 1389 1244 1464 familiae
1262 1392 1393 1486 peculii

196 1494 394 1566 nullatcnus
414 1495 654 1586 consequitur.
683 1492 819 1564 Titulus
846 1502 962 1564 autem
982 1491 1161 1581 Galiciae,
1188 1515 1252 1588 per
1269 1492 1392 1566 Belum

195 1605 369 1684 retentus,
390 1596 521 1664 retenti
541 1615 619 1664 cum
636 1591 706 1662 hoc
724 1592 826 1665 simul
845 1596 1000 1686 supremi
1019 1594 1186 1683 dominii,
1214 1593 1390 1685 Majesta-

195 1699 311 1789 tisquc
331 1699 462 1790 potius,
482 1696 550 1764 nisi
570 1697 784 1764 contrarium
801 1692 989 1766 manifeste
1008 1695 1282 1786 demonstratur,
1295 1696 1393 1767 indi-

7 1755 9 1780 ζ
126 1875 130 1882 ,
196 1799 285 1867 cium
311 1795 480 1890 praebet,
509 1804 544 1864 ct
572 1794 769 1887 exemplum
798 1816 818 1864 a
844 1792 1013 1867 Bohemia
1041 1794 1260 1887 desumtum,
1288 1819 1391 1890 quam

193 1897 528 1968 DomusAustriaoa
547 1893 689 1967 diverso
701 1916 850 1989 prorsus
864 1897 946 1986 jure
966 1907 1158 1970 consecuta
1179 1908 1246 1987 cst,
1260 1897 1391 1970 hodie-

194 2019 264 2092 que
281 1996 461 2094 possidet,
491 2018 594 2090 Qum
622 1994 793 2068 infirmum
812 2000 869 2086 sit,
897 2008 934 2071 et
959 1998 1206 2094 inapplicabilc
1227 1997 1271 2070 ud
1290 1997 1391 2071 Gali-

194 2103 297 2189 ciam,
318 2101 418 2189 qu'us
438 2098 571 2187 titulus,
589 2098 670 2188 jura
687 2099 865 2189 virtualia,
885 2100 1034 2194 ipsaque
1051 2098 1288 2174 revindicatio
1306 2101 1389 2172 Au-

191 2211 318 2294 gustae
335 2201 465 2273 Domui
483 2223 503 2272 a
522 2197 665 2271 Corona
682 2198 885 2293 Hungariac
903 2213 1147 2294 accesserunt,
1176 2223 1281 2275 nemo
1299 2222 1389 2276 unus

194 2324 267 2378 non
284 2301 471 2395 intelliget.

728 2449 764 2536 §.
793 2449 853 2524 30.

664 2577 917 2650 θοητίηιιαιτό.

294 2699 440 2772 Frustra
464 2697 615 2792 denique
646 2697 731 2772 liunt
759 2699 803 2772 ad
820 2722 895 2772 rom
912 2713 1138 2797 praesentem
1166 2701 1307 2771 criteria
1326 2700 1384 2772 illa

194 2803 450 2890 connexionis,
497 2822 517 2870 a
553 2798 812 2894 Gustcrmanuo
848 2806 884 2874 iu
916 2803 1239 2897 comprobationem
1269 2822 1387 2874 novae

194 2923 279 2975 suae
305 2903 485 2994 opinionis
509 2904 704 2973 recensita:
742 2901 870 2974 Nonne
891 2903 1076 2993 Servium,
1102 2903 1324 2994 Bulgarinm,
1352 2911 1389 2974 ct

192 3002 396 3075 Valachiam
413 3025 490 3074 cum
514 3001 691 3076 Moldavia
711 3005 789 3097 ipse
812 3008 976 3096 agnoseit
994 3005 1086 3077 ultro
1106 3003 1245 3094 adjura
1268 2999 1386 3074 Coro-

191 3127 259 3177 nae
285 3104 507 3198 Huugaricae
527 3105 717 3197 spectare?
746 3104 779 3193 ⁸)
808 3105 866 3175 Au
885 3108 975 3178 istae
997 3128 1148 3200 unquam
1167 3105 1204 3175 in
1226 3124 1386 3175 commu-

190 3209 332 3278 nionem
349 3208 477 3296 jurium
497 3205 734 3292 comitialium
753 3202 982 3296 iudiciorum,
1005 3207 1384 3298 administrationisquc

192 3328 270 3377 cum
291 3309 563 3400 metropolitano
582 3304 709 3396 Regno
729 3303 975 3379 devenerunt?
1002 3308 1147 3381 Scilicet
1167 3304 1320 3395 aliaest,
1348 3314 1386 3375 ut

191 3407 273 3480 alibi
290 3407 528 3493 memineram,
550 3407 869 3500 incorporatorum,
891 3411 1137 3504 sociorumque
1159 3406 1383 3499 Regnorum:

190 3511 257 3582 clia
293 3506 547 3580 clientelarinm
584 3510 687 3580 ratio.
759 3504 866 3600 Cujus
904 3510 1120 3583 differentiae
1159 3507 1384 3582 adversarius

188 3619 312 3683 noster
335 3609 410 3682 fors
429 3620 556 3703 sponte
577 3612 681 3681 etiam
700 3607 805 3682 isthic
823 3611 1006 3683 recordari
1027 3613 1196 3706 neglexit.
1224 3609 1385 3702 Pugnant

188 3713 231 3785 ab
251 3713 403 3783 adverso
424 3731 489 3802 pro
510 3721 648 3798 nostra,
675 3714 744 3783 imo
764 3712 959 3784 universali
979 3713 1201 3786 sacculorum
1217 3713 1383 3805 opinione

188 3813 368 3909 complura
393 3809 526 3898 adhuc,
555 3820 591 3882 et
608 3815 733 3903 gravia
752 3815 926 3886 rationum
945 3826 1133 3904 momenta,
1162 3813 1204 3884 ab
1227 3814 1383 3904 egregiis

186 3912 402 3986 Auctoribus
443 3909 641 3984 omnimode
680 3911 853 3986 illustrata
883 3913 940 4004 ¹³),
978 3925 1015 3986 et
1049 3939 1070 3987 a
1107 3915 1210 3988 iactis
1245 3913 1383 4006 Regum

186 4025 389 4088 nostrorum
418 4014 607 4103 continuis,
635 4035 828 4110 eorumque
855 4015 1060 4092 tractatibus
1087 4015 1258 4107 desumto,
1288 4033 1382 4110 quo-

182 4136 262 4226 rum
287 4113 455 4188 nonnulla
482 4117 518 4186 in
546 4115 774 4211 sequentibus
801 4116 1028 4194 adducentur.

177 4236 395 4268 ..Ψ-...-

215 4285 243 4422 ll
259 4287 467 4426 litalde?
473 4291 590 4423 lium,
607 4356 709 4424 rona
727 4359 846 4426 aarum,
865 4360 973 4414 neena
990 4363 1019 4413 a
1036 4357 1070 4412 aa
1088 4358 1151 4412 uu·
1169 4354 1382 4414 aenaeam.
