3142 4862
680 367 718 454 §-
745 357 908 442 XXXIV.

557 491 612 598 G)
641 494 886 568 observantia
903 497 1034 588 Regni.

297 643 436 738 Regula
463 664 483 713 a
510 641 706 734 majoribus
735 644 882 734 tradita,
910 654 947 715 et
974 642 1051 716 sole
1082 641 1243 714 diuturna
1272 643 1395 716 conti-

193 771 263 822 nua
300 745 528 822 observantie
564 744 608 815 ad
651 767 719 819 nos
764 767 878 841 usqrre
914 756 1133 844 propagata,
1171 743 1393 818 consuetudo

196 861 272 940 est,
300 866 390 946 quae
418 859 642 942 praesumtae
669 847 890 942 legislatoris
916 848 1092 923 voluntati
1118 850 1259 936 innixa,
1293 855 1394 920 recta

193 953 298 1025 uobis
325 951 421 1022 Juris
448 952 619 1044 principia
650 949 891 1024 subministrat
920 951 966 1044 ⁸).
994 951 1034 1022 In
1052 952 1273 1044 gravissimis
1302 953 1395 1024 enirn

194 1057 331 1150 patriae
349 1056 504 1146 negotiis
532 1092 585 1104 -
602 1061 685 1146 puta
704 1054 862 1144 Regum,
891 1063 929 1124 et
955 1053 1170 1146 Reginorum
1195 1053 1396 1145 lnaugura-

194 1157 372 1244 tionibus,
390 1193 443 1206 -
468 1158 504 1224 iu
528 1153 678 1248 publicis
708 1153 889 1244 Comitiis,
907 1193 959 1208 —·
983 1156 1239 1244 Decretorum,
1267 1178 1310 1228 ac
1327 1155 1397 1226 Di-

173 1259 385 1356 ·plomatum
405 1255 702 1352 expeditionibus,
720 1257 909 1350 multisque
935 1257 1025 1346 aliis,
1040 1260 1121 1348 jure
1142 1261 1274 1351 scripto
1298 1261 1396 1330 nou—

196 1360 276 1432 dum
296 1359 468 1447 delinitis,
495 1359 597 1454 plura
627 1380 646 1428 a
677 1358 754 1430 sola
782 1361 897 1432 veteri
917 1360 1105 1432 traditione
1134 1363 1306 1454 originem
1326 1359 1396 1432 du-

193 1470 333 1534 xerunt.
364 1460 452 1546 Quia
485 1463 603 1556 itaque
629 1457 892 1532 fundamentum
912 1463 990 1552 ejus
1017 1484 1121 1534 omne
1141 1467 1177 1535 in
1195 1464 1326 1552 tacito,
1354 1485 1397 1536 ac

61 1604 76 1630 .
194 1567 361 1636 continuo
392 1562 628 1654 Legislatoris
654 1573 790 1644 ¹armutu
822 1562 1000 1636 subsistit:
1035 1564 1230 1636 inductioni
1258 1574 1396 1637 actuum

194 1665 440 1751 conformium,
460 1661 649 1756 exquibus
669 1664 794 1758 Regis,
815 1665 1010 1760 Populique
1037 1688 1235 1740 consensus
1261 1668 1395 1762 liquido

197 1767 401 1860 colligitur,
428 1769 529 1838 inniti
558 1763 686 1856 debet,
714 1777 752 1862 ut
781 1766 854 1858 legi
882 1771 1038 1863 scriptae
1065 1773 1314 1864 aequiparetur
1340 1767 1396 1861 *),

70 1948 75 1955 ,
197 1881 303 1964 atque
320 1872 358 1939 in
377 1888 522 1940 censum
540 1869 662 1940 veniat
680 1873 981 1963 antiquarum,
1000 1870 1234 1960 bonarum,
1254 1881 1300 1942 et
1317 1896 1397 1967 ap-

149 2007 151 2010 ·
195 1967 1396 2067 probatarumGonsvetudinum,adquasetlegesuostree

193 2095 303 2169 saepe
321 2082 535 2169 provocant,
564 2082 600 2143 et
618 2073 739 2165 Reges
759 2076 828 2168 ipsi
854 2077 890 2146 iu
915 2075 1116 2170 Diplomate
1134 2074 1335 2170 lnaugurali
1354 2098 1396 2149 se

193 2177 366 2273 perinde,
395 2200 438 2247 ac
455 2176 558 2268 leges
579 2179 753 2270 scriptas,
783 2175 1038 2250 observaturos
1058 2176 1293 2271 pollicentur..

236 2319 1397 2406 Ulmmmcmmmmmmpmffimmrmmmmmmmnmmmmr

279 2407 1397 2491 dfflmfflmmmmmm‚wmoembmmmmmmmmffio

277 2492 419 2555 tenebris
441 2492 569 2573 eripuit.
605 2493 765 2556 certiores
785 2491 850 2576 jam
876 2494 924 2556 bis
947 2495 1120 2573 efficimur,
1143 2499 1297 2576 permulta
1320 2498 1397 2561 olim

281 2580 488 2644 comitiorum
513 2577 636 2658 legibus
660 2579 761 2642 luisse
782 2575 919 2658 definita,
943 2600 1021 2661 quae
1044 2583 1167 2645 temetsi
1189 2592 1255 2648 tum
1279 2584 1395 2648 litteris

280 2667 475 2747 consignata,
498 2664 589 2745 lapsu
606 2665 757 2748 temporis
780 2665 845 2727 fato
870 2666 1224 2749 qualicunqueletitant‚
1248 2670 1395 2751 deinceps

184 2753 187 2760 “
281 2760 382 2815 tamen
401 2749 525 2812 nomine
543 2752 778 2814 consuetudinis
795 2752 924 2814 candide
941 2753 1198 2818 observabantur·
1219 2755 1396 2818 Verissimc

281 2837 1397 2918 amnmhffimmmfflmwmmmmmmmffim

220 2943 222 2946 ·
280 2943 378 3004 opera
393 2922 533 2986 virorum
555 2924 733 3000 celebrium,
757 2923 915 2986 veteribus
931 2925 1086 3000 Decretis,
1102 2924 1396 3005 Diplometibusque

242 3018 246 3024 '
278 3009 463 3091 colligendis
496 3009 636 3072 sedulam
672 3029 797 3091 operam
831 3009 1094 3088 impendentium,
1139 3013 1397 3096 suapteevadet

171 3121 173 3126 ·
279 3113 492 3176 mmm

689 3205 726 3290 §.
755 3204 901 3276 XXXV.

587 3329 679 3400 Non
699 3333 785 3402 item
802 3328 1003 3420 Analogia.

295 3453 507 3548 Analogiam
541 3474 649 3528 sensu
677 3452 833 3527 Juridico
869 3476 985 3530 voco:
1016 3456 1154 3549 quando
1185 3458 1220 3526 in
1253 3455 1393 3532 casibus

191 3583 260 3633 nec
277 3559 373 3652 lege,
392 3580 460 3630 nec
480 3554 709 3630 observantia
729 3557 905 3646 definitis,
937 3559 1094 3648 a‘simili,
1124 3568 1182 3630 aut
1201 3564 1396 3650 contrario,

195 3659 357 3750 adeam,
387 3661 431 3730 de
462 3680 529 3751 qua
557 3662 761 3754 quaeritur,
790 3661 1038 3752 quaestionem
1068 3661 1265 3754 ambiguam
1291 3662 1396 3734 deci-

195 3764 369 3850 dendam,
397 3763 447 3831 uti
466 3757 633 3831 solemus.
655 3759 757 3831 Unde
776 3797 828 3811 -
845 3781 930 3828 reor
947 3797 999 3810 -·
1017 3763 1103 3833 satis
1130 3773 1296 3857 apparet,
1323 3786 1395 3857 ge·

191 3887 260 3938 nus
297 3862 391 3938 istud
426 3863 742 3954 argumentationis
771 3859 1050 3954 adplicationem
1077 3865 1196 3957 potius
1230 3864 1273 3935 ad
1302 3867 1395 3956 juris

193 3969 387 4064 principia,
426 3984 529 4058 quam
565 3965 775 4058 principium
811 3965 925 4054 ipsum
963 3967 1181 4036 constituere
1211 3965 1257 4058 hJ.
1285 3966 1395 4040 Usum

193 4073 272 4162 ejus
290 4074 327 4144 in
355 4067 511 4159 negotiis
530 4085 725 4157 regnorum
750 4061 901 4157 publicis
928 4085 1001 4138 non
1019 4087 1102 4142 esse
1121 4059 1396 4164 infrequentem,

223 4281 248 4346 Ι’)
268 4287 345 4338 coni.
363 4282 512 4335 Verbdczil
530 4282 605 4332 Prot.
625 4284 657 4328 tt.
677 4278 720 4330 10.

153 4374 156 4380 ·
221 4351 250 4421 ¹t)
268 4351 407 4424 &danaber
425 4351 458 4406 de
477 4348 585 4415 narrog.
602 4349 664 4400 dar.
682 4344 755 4410 publ.
772 4344 822 4398 int.
841 4341 907 4396 ient.
925 4344 987 4411 pub.
1005 4363 1059 4406 non
1077 4353 1234 4408 „mm
1289 4390 1292 4400 ,
