3158 4864
1299 205 1371 283 127

171 365 341 443 sidendae
359 387 512 467 capaces
530 367 724 460 evaserint,
751 366 879 463 reliqui
904 364 1044 440 incolae
1069 363 1289 445 solummodo
1320 397 1368 449 ex

171 470 252 543 iden
268 471 391 545 herilis
409 475 610 568 potestatis,
637 472 698 546 vel
715 493 780 568 pro
810 468 1093 561 conditionibus,
1128 483 1247 544 mutua
1277 497 1371 550 con·
1427 497 1429 502 ·

172 579 344 647 ventione
364 575 552 669 stipulatis,
581 573 799 646 considerari
830 574 1025 667 coeperint.
1051 573 1202 660 Quodsi
1228 578 1305 670 quis
1336 581 1372 650 in

173 681 378 748 memoriam
395 698 571 750 revocare
596 677 773 765 volucrit,
811 684 847 744 et
875 673 1049 747 ad‘fidem
1072 673 1276 749 historicam
1303 682 1371 751 rite

175 781 346 872 exigere,
375 788 499 874 suapte
519 789 555 850 et
572 777 658 849 illud
675 779 889 874 perspiciet:
919 779 1042 849 stricto
1063 774 1172 852 sensu
1190 777 1371 852 Nobilita-

173 889 245 951 tem
273 879 465 974 bungaram
494 883 699 973 origetenus
728 899 949 973 nequaquam
977 879 1187 952 classem
1220 884 1371 975 privi-

173 979 410 1076 legiatam
446 984 798 1069 constituisse,
841 982 1263 1076 verum-Populum
1299 986 1369 1080 ip-

176 1105 276 1174 sum,
306 1104 375 1178 quo
412 1087 553 1156 nomine
583 1106 660 1156 cem
678 1082 899 1156 Verbdcnius
928 1081 1120 1156 secuudum
1137 1083 1322 1175 theoriam,
1351 1109 1371 1157 a
1412 1111 1415 1114 ·

174 1185 420 1258 aeneatoribus
445 1189 612 1266 institutis
642 1186 913 1279 divergentem,
954 1206 1001 1256 ex
1028 1187 1152 1282 spiritu
1187 1191 1370 1281 primaeve

176 1291 316 1360 unionis
345 1288 534 1362 collective
559 1290 704 1361 vocavit
734 1289 781 1378 ¹),
820 1309 889 1358 nec
915 1286 1065 1358 eundem
1089 1287 1371 1375 hallucinationis

179 1390 359 1480 cujusdam
387 1412 470 1466 esse
505 1388 734 1484 arguendum,
769 1387 862 1482 quod
886 1391 923 1458 in
950 1398 1101 1460 statuum
1128 1411 1272 1461 censum
1300 1413 1371 1462 non

179 1497 337 1586 quamam
356 1491 508 1568 classem
526 1491 717 1581 hominurn,
744 1489 861 1563 natale
888 1487 1001 1563 solum
1026 1490 1229 1582 colentium,
1256 1491 1371 1564 adnu-

180 1604 304 1668 meret.

724 1769 733 1787 .
764 1718 848 1790 164.

256 1843 394 1918 Modra
414 1843 662 1934 perveniendi
685 1718 739 1916 αἱ
762 1841 980 1935 qualitatem
1005 1845 1134 1914 stoan
1159 1843 1291 1949 Reprti.

281 1991 366 2060 Erat
381 1993 490 2081 igitur
507 1988 680 2061 Nobilitas
700 1988 892 2063 essentiale
910 1987 1026 2081 Regni
1044 1987 1202 2061 Statuam
1220 1989 1372 2061 attribu-

57 2135 67 2147 ·
180 2105 267 2180 tum,
285 2095 342 2162 cai
368 2090 468 2164 velut
495 2088 720 2163 mandamento
743 2090 875 2186 triplex
898 2089 1022 2162 modus
1040 2089 1179 2184 patulus
1207 2103 1374 2164 evaserat

181 2195 305 2266 borum
333 2196 540 2265 incensum
563 2192 807 2288 perveniendi.
852 2191 1022 2265 Praelatis
1048 2193 1177 2286 quippe
1203 2192 1296 2264 istud
1325 2215 1373 2266 ex

180 2301 321 2370 ratione
349 2297 442 2368 sacri
467 2299 522 2368 sui
551 2298 729 2385 muneris,
767 2316 840 2366 non
867 2294 1006 2388 quidem
1034 2315 1079 2366 eo
1114 2315 1235 2384 sensu,
1272 2297 1374 2390 quasi

184 2419 290 2472 causa
309 2395 456 2488 hujusce
475 2396 685 2493 proedriae,
715 2398 952 2486 consecratio,
989 2405 1048 2467 aut
1072 2394 1287 2488 benedictio,
1313 2395 1375 2472 vel

181 2499 398 2573 confirmatio
418 2501 541 2570 summi
559 2498 739 2572 Pontificis
758 2497 865 2588 foret,
897 2497 990 2592 quod
1008 2496 1101 2569 belle
1128 2517 1206 2570 mos
1235 2507 1371 2590 nostra,

177 2601 387 2695 Patremque
406 2602 575 2674 memoria
596 2604 763 2674 continuo
775 2601 999 2691 observatus,
1018 2597 1231 2691 illustrat*),
1249 2621 1374 2673 verum

180 2709 259 2798 quia
294 2713 333 2775 ut
359 2703 451 2774 tales
482 2725 503 2774 e
532 2702 650 2796 legum
674 2705 896 2798 praescripto
923 2702 1162 2775 communibus
1198 2700 1375 2776 Nobilium

180 2807 456 2901 praerogativis,
485 2813 589 2899 atque
606 2808 645 2876 in
663 2807 784 2899 specie
799 2806 881 2894 jure
900 2803 1057 2896 suffragii
1075 2801 1277 2878 incomitiis
1298 2828 1375 2878 cum

178 2908 324 3001 reliquis
351 2907 467 2999 Regni
491 2906 645 2981 Statibus
672 2906 861 3003 pollerent.
889 2902 1051 2980 caeteris
1078 2915 1179 2980 extra
1198 2905 1264 2980 hos
1281 2930 1371 3004 per-

179 3011 277 3082 sonis
303 3008 538 3100 singularibus
568 3007 723 3081 attribuit
746 3006 859 3098 istud,
908 3018 1012 3102 atque
1040 3029 1110 3081 una
1140 3012 1176 3079 in
1204 3021 1372 3103 posteros

179 3107 334 3207 speciale
363 3108 499 3182 derivat
525 3111 753 3203 Privilegium
781 3110 973 3206 Principis,
1021 3109 1309 3204 quemadmodum
1339 3121 1375 3184 et

180 3205 482 3284 communitatibus
501 3213 537 3282 in
551 3235 656 3284 unam
673 3231 863 3306 personam
879 3211 1049 3284 moralem
1085 3207 1258 3284 collectis.

221 3330 263 3418 il)
287 3330 410 3394 EtenIm
432 3330 612 3412 Hungariae
632 3332 780 3413 Praelati,
803 3341 870 3396 estc
893 3353 948 3412 per
971 3335 1075 3397 sedem
1097 3333 1267 3396 Romanam
1289 3351 1373 3396 non-

267 3421 339 3481 dum
363 3414 555 3495 confirmati,
586 3439 654 3481 cum
686 3439 743 3483 sue
773 3422 810 3484 ab
840 3419 923 3500 Rege
952 3418 1134 3500 Apostolico
1163 3420 1375 3484 nominatione

265 3524 327 3568 non
349 3503 441 3563 modo
466 3502 584 3564 obtenti
605 3503 747 3567 beneficii
776 3507 897 3570 reditus
920 3504 1050 3578 tollunt,
1080 3525 1188 3568 verum
1211 3507 1374 3567 confestim

264 3609 323 3670 pro
345 3584 497 3651 Praelatie
527 3587 708 3670 Hungariae
737 3591 908 3668 habentur,
939 3589 1121 3668 Dioetisque
1149 3591 1322 3656 intersunt:
1347 3597 1377 3651 et

265 3677 341 3738 baec
371 3705 412 3720 ·-
444 3681 569 3754 praeter
601 3675 721 3736 reditus
756 3711 797 3726 -
830 3679 995 3760 obtingunt
1023 3675 1117 3738 etiam
1150 3674 1275 3753 electis,
1308 3677 1376 3738 sive

266 3759 550 3824 titularibus
580 3761 627 3822 sic
649 3760 742 3822 dictis
770 3760 955 3843 Epiecopis,
986 3780 1133 3842 suprema
1154 3760 1315 3824 vuluntate
1336 3761 1377 3824 ed

267 3846 447 3923 Dioeceses,
469 3845 598 3908 virtuali
621 3863 728 3908 sacrae
752 3844 893 3907 Coronae
912 3846 980 3930 juri
1002 3848 1163 3923 obnoxias,
1186 3846 1376 3910 denomina-

267 3932 327 4009 tis,
354 3930 427 3993 licet
451 3931 650 4012 Episcopalis
681 3931 802 3994 ordinis
832 3940 984 4009 potestate
1013 3935 1048 3996 in
1080 3931 1218 3995 Ecclesia
1250 3933 1378 3995 minime

266 4017 412 4098 polleant·
434 4016 461 4078 ll
484 4028 591 4079 contra
620 4018 797 4081 Auxiliares
819 4015 986 4097 Episcopi,
1016 4038 1034 4080 a
1064 4038 1184 4082 summo
1213 4017 1377 4096 Pontifice,

249 4111 300 4164 ¹ut
323 4101 525 4165 Diocaesenis
548 4101 706 4188 adjutorio
730 4103 811 4180 sint,
833 4103 873 4164 in
894 4102 1090 4168 Partibus
1114 4102 1180 4186 (sic
1203 4103 1276 4167 stilo
1305 4104 1375 4168 Cu-

266 4189 332 4251 riae
354 4188 511 4252 liomanae
533 4191 772 4274 nuncupantur)
795 4187 1034 4254 infidelium
1055 4193 1162 4272 oresti,
1184 4209 1221 4254 ee
1242 4189 1375 4256 subinde

180 4317 399 4336 W

214 4359 245 4428 ¹)
261 4363 292 4415 P.
311 4364 336 4417 2.
354 4370 386 4420 tt.
404 4363 431 4421 4·
