3122 4852
742 390 780 477 §.
810 390 895 464 570.

369 541 560 616 Accedunt
578 549 733 634 fructus
757 492 971 612 cacanoum
998 538 1272 624 beneficiorum.

322 691 362 766 lo
380 701 691 787 temporeneorum
719 698 955 787 proventuum
983 686 1200 783 publicorum
1229 683 1323 755 serie
1342 681 1414 752 ist-

219 797 288 868 lmc
306 794 397 866 haud
415 797 615 891 inapposite
636 795 856 866 collocantur
873 789 1104 862 intercalares
1123 785 1258 858 fructus
1277 804 1415 858 vacan-

219 903 304 969 tium
321 896 573 970 beneficiorum
602 897 944 982 ecclesiasticorum,
972 894 1111 984 aregia
1140 890 1329 961 collatione
1349 884 1416 956 de-

218 999 444 1095 pendentium
465 1000 577 1092 (482)
598 1007 633 1070 et
650 1021 734 1094 pars
753 1019 774 1068 e
792 999 917 1070 relicta
943 992 1184 1066 Praelatorum
1209 989 1415 1075 substantia,

218 1121 309 1196 quae
327 1096 431 1173 Fisoo
450 1101 566 1194 Regio
580 1100 736 1174 obvenit.
754 1098 878 1193 Neque
892 1097 1033 1169 silentio
1046 1088 1416 1189 nohispraetereunda

217 1203 287 1275 hoo
304 1204 385 1276 loco
404 1203 496 1274 bona
516 1201 687 1275 Institutio
705 1201 855 1299 puhlicis
879 1208 1040 1287 sacrata,
1066 1195 1177 1289 vulgo
1203 1193 1415 1291 politico

217 1303 591 1395 fundationalio,
620 1328 710 1401 quae
739 1305 806 1377 etsi
837 1301 981 1373 alterius
1011 1303 1080 1372 sint
1106 1297 1258 1387 indolis,
1287 1303 1323 1366 et
1340 1302 1417 1364 utut
1548 1331 1552 1338 ·

217 1407 409 1497 distinctis,
438 1407 587 1503 puhlicis
629 1419 782 1481 attamen
810 1403 936 1476 finibus
965 1407 1000 1474 in
1031 1399 1198 1496 specifico
1229 1399 1415 1484 destinata,

214 1510 389 1582 redituum
416 1510 635 1604 publicorum
664 1522 823 1583 naturam
852 1506 1019 1592 induunt,
1048 1524 1195 1596 quorum
1224 1498 1412 1594 inspectio,

216 1623 252 1683 et
271 1613 315 1682 ad
332 1620 484 1682 mentem
511 1611 748 1685 Fundetorum
776 1611 965 1682 conversio
996 1606 1134 1698 Regiae
1151 1603 1330 1693 lllajesteti
1347 1617 1412 1692 pro

215 1735 382 1809 supremo
402 1713 611 1787 Patronutus
627 1714 709 1803 jure
728 1720 913 1787 reservata
932 1717 1060 1781 manet.

668 1911 830 1997 ceput
852 1909 956 1980 xv.

463 2049 521 2130 lte
547 2044 840 2177 tureregall
866 2041 1143 2146 tricesimalt

731 2200 767 2287 ὅ.
797 2201 883 2274 571.

413 2351 516 2434 Quae
541 2344 686 2442 species
703 2349 889 2440 repetem
916 2353 956 2419 in
981 2350 1210 2439 Hunqorz‘a?

314 2497 543 2588 Tricesimae,
576 2497 731 2587 Salinae,
757 2495 1035 2569 Metallilodinae
1055 2519 1132 2568 oum
1151 2497 1307 2586 mineris,
1335 2505 1406 2567 tum

211 2601 309 2671 cusio
327 2612 511 2687 monetae,
544 2610 581 2670 et
596 2637 648 2652 -
666 2599 710 2670 de
729 2595 798 2693 quo
826 2602 862 2670 in
890 2601 1104 2693 pertransitu
1130 2599 1216 2670 alias
1235 2596 1407 2691 loquebar

208 2739 260 2754 -
277 2712 473 2795 proventus
492 2701 688 2789 Poetarum,
709 2699 855 2772 totidem
873 2709 954 2772 sunt
968 2702 1050 2789 jura
1069 2697 1239 2770 Gamerae
1257 2699 1408 2790 regalia,

116 2826 118 2830 ·
206 2801 369 2897 publicos
387 2802 521 2874 reditus
540 2806 576 2875 in
593 2800 771 2895 Hungaria
790 2793 966 2894 augentia.

724 3006 760 3092 §-.
790 3005 875 3078 572.

489 3241 491 3246 ¹
552 3153 792 3228 Introductz'o
823 3156 1060 3226 Trz'ceca'moe.

310 3303 579 3372 Tricesimerum
601 3311 780 3373 auctorem
805 3304 841 3371 in
867 3301 981 3371 Patria
1005 3310 1129 3372 nostra
1147 3300 1404 3395 sigismundum

141 3400 143 3405 ’
205 3401 343 3495 Regem
361 3405 494 3500 passim
514 3401 646 3474 faciunt
666 3403 709 3474 ob
737 3403 772 3474 id
801 3405 973 3490 maxime,
1002 3401 1095 3495 quod
1118 3401 1152 3475 ls
1171 3426 1212 3477 se
1232 3405 1405 3501 quodam-

204 3505 309 3578 modo
336 3512 484 3603 primum
515 3507 628 3593 dicat,
656 3508 715 3599 qui
744 3505 787 3576 de
816 3503 923 3575 rebus
955 3501 1136 3593 omnibus,
1172 3508 1209 3577 in
1238 3519 1286 3587 et
1303 3513 1403 3577 extra

204 3605 367 3698 Regnum
397 3607 638 3696 devehendis,
676 3609 888 3678 tricesimam
919 3606 1054 3678 valoris
1087 3617 1222 3701 partem
1254 3604 1403 3703 dependi

200 3707 351 3795 jusserit
381 3709 425 3797 ¹).
465 3709 565 3780 Unde
600 3709 855 3803 praestationi,
883 3727 974 3800 quae
1008 3711 1165 3801 speciem
1194 3712 1405 3782 teloniorum
1493 3725 1495 3728 ·

202 3808 398 3899 regalium,
427 3806 509 3878 alibi
536 3813 1048 3902 vigentium,·reproesentat,
1078 3831 1207 3883 nomen
1226 3809 1403 3908 apud-nos

204 3909 281 3980 Tri
294 3913 498 3982 cesimae
527 3908 737 3982 adhaeserit.
765 3909 819 3980 De
840 3918 985 3986 auctore
1005 3909 1101 3981 litem
1119 3934 1191 3984 non
1209 3912 1405 4006 ingredior,

185 4020 241 4084 'at
261 4034 336 4082 rem
354 4014 467 4105 ipsam
487 4009 675 4104 vectigalis
701 4015 793 4104 regii
820 4012 963 4081 nomine
991 4009 1100 4082 multo
1121 4033 1204 4086 esse
1222 4017 1257 4107 in
1275 4014 1403 4106 Regno

191 4124 329 4187 ¹nostro
362 4114 620 4206 antiquiorem,
658 4110 835 4184 indubium
863 4121 919 4182 est
948 4109 1002 4196 Ἲς
1039 4114 1121 4205 quin
1159 4124 1195 4185 et
1221 4136 1297 4188 vox
1325 4117 1404 4208 ipsa

234 4300 261 4364 ⁸)
280 4303 356 4364 1105.
376 4305 419 4356 17.
437 4305 559 4355 Dect-ete
577 4305 666 4368 ejtmd.
685 4306 704 4356 1.
725 4304 758 4356 de
775 4303 828 4354 hoc
843 4303 922 4354 enno.
976 4277 979 4282 Ι

140 4473 143 4478 ,
234 4381 263 4446 b)
282 4387 312 4436 s,
329 4389 429 4441 Lodlul.
444 4390 480 4442 D.
496 4389 526 4440 L.
544 4390 580 4444 11.
599 4391 629 4445 c.
646 4392 690 4446 17.
704 4393 732 4442 ct
746 4389 790 4442 18.
808 4386 913 4442 eciem.
928 4388 964 4446 11.
978 4388 1008 4446 lo.
1026 4391 1047 4446 1.
1063 4389 1250 4451 (1350131.
