3158 4864
222 260 294 345 121

220 439 388 515 duntaxat
421 460 606 536 agrorum,
659 437 792 512 eisdem
830 459 916 530 erga
952 445 1069 509 certas
1104 437 1415 513 conditiones

220 563 493 616 concessorum:
523 549 627 635 atque
646 541 694 610 ita
713 539 763 611 illi
784 558 864 634 pro
892 538 1156 627 Nobilibus,
1171 534 1220 610 xbi
1238 559 1304 634 pro
1325 539 1413 610 Ple-

217 643 308 733 beis,
335 647 444 737 vulgo
464 637 860 727 conditionariis,
880 639 1001 711 haberi
1023 650 1227 736 coeperunt.
1257 638 1417 726 Quorum

218 766 400 818 numerum
438 745 501 817 sub
537 747 624 838 ipsis
654 745 728 833 jam
763 740 918 814 Ducibus
954 741 1187 812 vehementer
1217 745 1416 814 increvisse
1448 790 1453 798 -

219 850 387 941 oportuit,
417 869 521 942 quum
543 849 579 916 in
601 848 725 933 variis,
754 865 844 939 quae
864 851 1039 938 prostant,
1068 842 1104 917 S.
1128 841 1298 938 Stephani
1317 843 1418 916 uun-

220 947 450 1020 dationalibus
482 946 571 1019 adeo
601 949 748 1041 copiose
779 942 1082 1036 nominentur*],
1108 954 1147 1016 ut
1177 945 1220 1016 ab
1254 945 1322 1017 boc
1343 966 1414 1016 uno

218 1049 319 1141 Rege
344 1061 492 1122 cunctos
517 1058 658 1120 creatos
679 1049 804 1137 fuisse,
833 1046 929 1119 credi
951 1050 1091 1118 omnino
1118 1069 1193 1120 non
1213 1049 1339 1143 possit.

260 1171 301 1256 1)
324 1172 360 1234 In
381 1173 483 1253 specie
506 1173 539 1234 in
553 1171 725 1252 Privilegio
749 1168 819 1252 ejus
842 1189 938 1250 super
961 1169 1228 1248 inalienabilitate,
1251 1180 1282 1232 at
1298 1171 1417 1232 immu-

303 1259 399 1320 nitate
423 1261 574 1320 bonornm
596 1257 786 1320 Monasterii
809 1259 841 1320 S.
863 1256 996 1319 Adriani
1014 1258 1052 1318 dc
1068 1257 1145 1320 Zela
1163 1254 1419 1321 1110102101ᾶί-

303 1352 380 1422 tum,
401 1345 434 1407 in
456 1344 579 1427 legibus
601 1343 721 1407 Eccles.
745 1342 831 1408 Gom.
855 1344 894 1406 de
914 1343 1070 1426 Buttbytn
1092 1343 1131 1408 Τ.
1156 1344 1186 1406 1.
1209 1363 1240 1426 p.
1259 1343 1333 1410 382.

675 1531 677 1536 -
774 1535 781 1552 .
815 1482 897 1556 156.

467 1608 702 1700 optimatum,
731 1481 770 1678 el
790 1608 989 1698 Equestris
1021 1603 1184 1678 Ordines.

318 1731 372 1804 En
390 1735 509 1825 itaque
530 1732 567 1802 in
582 1728 776 1824 Republica
798 1728 990 1821 hungarica
1009 1726 1211 1802 Nobilitatis
1234 1730 1348 1819 simul,
1377 1752 1420 1802 ac

217 1833 578 1926 geminorum‚,Regni
601 1831 760 1907 Statuam
780 1829 974 1902 exordium.
1004 1829 1281 1924 Optimatum
1310 1832 1419 1904 vide-

217 1935 341 2008 liceto
361 1938 482 2030 primis
508 1945 645 2030 septem
667 1933 868 2028 Capitaneis
890 1936 1180 2029 progenitorum,
1209 1944 1245 2006 et
1271 1929 1419 2027 quue-

220 2040 334 2110 stris
361 2036 557 2112 Ordinis
586 2060 606 2108 e
636 2036 805 2110 Militibus
838 2037 1011 2128 sangvine
1042 2032 1241 2126 Hungaris3
1270 2057 1418 2130 quorum

217 2142 356 2234 utrique
389 2139 431 2212 ab
463 2142 663 2227 extraneis,
701 2141 737 2209 in
768 2140 913 2210 militiae
944 2140 1225 2210 communionem
1257 2137 1419 2225 adiectis,

221 2244 282 2314 vel
302 2246 337 2314 in
353 2242 491 2313 dulcem
510 2241 601 2315 banc
619 2243 767 2336 patriam
788 2238 1111 2332 commigrantibus,
1134 2248 1205 2310 tum
1223 2241 1420 2332 Principum
1468 2303 1475 2317 ,
1567 2231 1568 2296 l

224 2344 435 2416 liberalitate
465 2341 634 2416 notabilia
661 2364 725 2436 per
759 2344 859 2412 vices
891 2345 1131 2428 incrementa,
1172 2345 1295 2412 variae
1334 2344 1419 2415 itam

223 2448 447 2532 mutationes,
475 2463 539 2536 pro
557 2442 710 2516 instabili
726 2441 952 2514 humanarum
978 2463 1096 2514 rerum
1116 2444 1268 2515 emnium
1294 2445 1420 2514 varie-

225 2556 315 2634 tate,
353 2553 601 2630 accesserunt,
638 2543 745 2638 quod,
772 2555 955 2642 quantum¹
975 2547 1174 2638 praesentis
1214 2543 1419 2637 disciplinae

225 2651 315 2720 ratio
331 2647 500 2742 postulat,
521 2643 668 2718 subinde
681 2646 874 2741 adparebit,
893 2645 952 2718 ubi
971 2648 1120 2739 singulis
1140 2645 1257 2741 Regni
1274 2645 1421 2719 Ordini-

224 2747 289 2820 bus
308 2749 452 2845 propria
480 2752 632 2823 seorsim
659 2749 913 2845 expendemus.

751 2921 788 3008 §.
821 2920 905 2993 157.

623 3048 723 3121 Deoia
747 3043 1024 3120 Praelatorum.

326 3193 567 3269 Praelatorum
588 3203 704 3268 autem
734 3194 893 3267 ordinem
916 3216 993 3265 cum
1017 3191 1217 3288 Religionis
1242 3191 1420 3268 Christia-

225 3317 292 3368 nae
313 3297 494 3368 cunabulis
513 3295 716 3390 Hungariae
739 3299 1007 3392 supervenisse,
1031 3319 1134 3369 nemo
1157 3301 1282 3370 nescit
1312 3297 1424 3386 Hujus

226 3401 318 3469 enim
337 3398 588 3493 propagandae
617 3399 696 3470 uelo
722 3402 889 3471 incensus
915 3399 1016 3471 divus
1046 3397 1273 3496 Stephanus,
1301 3400 1424 3470 varios

225 3499 445 3589 sacerdotes,
473 3501 644 3596 peculiari
662 3500 816 3596 undique
841 3524 924 3573 cura
948 3504 1158 3589 accersitos,
1186 3523 1251 3596 per
1271 3501 1425 3570 univer-

225 3624 302 3675 sum
330 3603 492 3696 Regnum
530 3603 726 3693 distribuit,
763 3613 870 3698 utque
911 3604 1015 3675 saluti
1048 3606 1240 3673 animarum
1278 3599 1425 3672 liberius

153 3697 155 3702 ’
224 3714 408 3791 uacarent,
435 3703 684 3802 Episcopatus,
712 3705 896 3793 Abbatias,
924 3705 1193 3797 Praeposituras
1213 3703 1425 3796 Religioso-

223 3827 301 3880 ω]
334 3801 597 3891 scamnorum,
627 3806 669 3877 ab
713 3830 753 3880 se
787 3815 929 3893 erecta,
960 3806 1084 3897 amplis
1121 3803 1340 3892 latifundiis,
1366 3803 1427 3876 vel

224 3911 377 3982 manime
417 3925 482 3977 suo
523 3929 544 3976 e
582 3908 796 3982 Patrimonio
837 3907 1038 4001 decerptis,
1076 3905 1239 3978 munifice
1278 3907 1425 3978 dotavit.

223 4011 431 4107 Praeterea¹
456 4005 646 4082 Sacrorum
672 4010 883 4097 Antistitcs,
906 4017 956 4108 ut
980 4007 1017 4078 id
1046 4007 1105 4078 alii
1132 4030 1274 4105 quoque
1306 4009 1427 4100 Reges

226 4114 415 4206 antiquitus
443 4131 553 4202 agere
574 4110 748 4200 solebant,
776 4109 1005 4204 Reipublicae
1027 4109 1207 4205 applicuit,
1223 4132 1428 4208 peroppor-

225 4223 310 4285 tuno
339 4233 425 4285 sans
449 4213 599 4284 consilio
619 4212 663 4282 ad
690 4210 819 4285 Christi
839 4212 1033 4283 doctrinam
1060 4211 1190 4286 firmius
1219 4212 1430 4286 constabili-

226 4312 374 4402 endum,
402 4335 520 4408 neque
540 4318 617 4388 sine
635 4313 822 4387 manifesto
842 4313 1070 4387 Monarchiae
1090 4337 1176 4389 suae
1195 4321 1427 4390 incremento.

224 4416 282 4492 Ab
302 4438 346 4491 eo
360 4417 434 4508 jam
451 4426 611 4516 tempore
629 4417 782 4491 Praelati
799 4438 864 4514 pro
883 4423 996 4515 primo
1010 4421 1046 4494 in
1059 4419 1185 4514 Regno
1199 4418 1301 4502 Statu
1311 4415 1427 4491 babe-
