3158 4864
744 481 751 496 .
782 429 867 502 aar.

516 556 566 628 rr.
595 557 667 628 rer
692 429 858 626 obteras
885 551 1020 626 armar
1058 603 1065 617 .

295 683 358 758 uui
381 681 462 754 Rex
496 676 724 751 Nobilitatem
753 677 886 776 absque
914 679 1116 754 Donatione
1145 674 1316 762 decernit,
1353 671 1386 740 θῑ

193 783 348 885 speciale
367 780 529 878 Diploma
548 779 722 874 desuper,
750 781 828 854 sive
847 781 998 857 Litteras
1015 823 1067 836 -·-
1083 791 1124 853 ut
1149 799 1319 855 vocamus
1337 813 1388 828 -

192 883 400 960 Armules
431 885 596 977 impertit.
631 882 764 954 Similis
800 883 1008 958 nobilitandi
1041 889 1158 972 ratio,
1205 879 1387 956 Germanis

193 987 340 1061 condam
358 983 570 1056 codicillaris
599 981 690 1054 diota
722 985 768 1074 ⁸),
797 989 833 1057 in
851 984 1029 1080 Hungaria
1047 992 1111 1061 vix
1135 995 1296 1080 tempora
1326 979 1388 1055 Si-

192 1086 367 1182 gismundi
386 1096 542 1181 superat,
563 1094 660 1155 certe
679 1094 762 1155 tune
779 1091 921 1160 nonnisi
939 1087 1160 1185 frequentior
1184 1108 1267 1160 esse
1297 1106 1389 1155 coe-

191 1193 242 1288 pit
272 1187 319 1280 b).
348 1187 486 1260 Nomen
508 1185 567 1256 illa
595 1184 687 1280 apud
703 1208 769 1259 nos
798 1194 968 1265 mutuavit
986 1192 1028 1265 ab
1052 1196 1171 1281 armis,
1201 1188 1390 1263 616166-
1457 1207 1459 1210 ·

192 1291 332 1386 gnibus,
360 1311 450 1384 quae
471 1285 660 1376 coloribus,
697 1299 844 1384 arteque
873 1297 1024 1388 pictoria
1053 1292 1228 1368 istismodi
1248 1288 1389 1363 Litteris

193 1397 407 1481 inseruntur,
436 1390 531 1486 quod
557 1399 674 1460 tamen
692 1397 934 1468 necessarium
954 1418 1173 1494 nequaquam
1192 1403 1248 1466 est
1265 1388 1320 1482 *).

235 1493 274 1576 s)
297 1493 472 1556 Admodum
513 1490 598 1551 istud
635 1493 799 1570 perspicue
841 1494 1037 1560 Verbdozius
1071 1493 1223 1574 nosters)
1258 1489 1392 1570 explieat

280 1579 398 1655 „Arma
427 1575 591 1654 -inquit
621 1573 649 1634 is
681 1609 719 1622 ·-
745 1597 763 1638 a
791 1579 936 1659 Principe
966 1582 1102 1660 cuipiam
1134 1595 1298 1648 concessa,
1328 1593 1391 1635 non

280 1671 377 1741 „sunt
399 1663 436 1722 de
458 1660 654 1734 necessitate,
677 1662 731 1720 sed
755 1662 950 1726 solummodo
978 1667 1015 1726 de
1039 1667 1114 1727 bene
1137 1681 1208 1725 esse
1231 1658 1392 1723 Nobilita-

280 1740 1391 1829 mwwmmmmwmmhmwfflmNfflmffinmm

280 1853 398 1913 ,‚arma,
421 1851 478 1894 seu
499 1828 638 1912 insignia
660 1829 856 1910 nobilitaria,
878 1841 931 1896 aut
953 1835 1092 1898 Litteras
1116 1847 1212 1914 supet·
1234 1847 1392 1892 armorum

280 1919 431 2002 „tiguris,
466 1926 495 1978 et
528 1914 750 1977 collationibus
781 1917 880 1982 editas
911 1941 974 1983 non
1006 1922 1157 2000 babeant,
1190 1917 1257 1980 veri
1289 1926 1390 1979 tamen

279 2003 430 2085 „Nobiles
455 2021 577 2082 semper
600 2005 798 2071 censentur.“

744 2169 752 2186 .
781 2117 866 2192 265.

312 2240 374 2316 Ad
397 2259 556 2334 quarum
582 2115 750 2314 vatoreb
774 2259 931 2334 praeter
956 2242 1262 2318 Publican'onem.

250 2365 447 2462 'Oportet
474 2386 494 2435 e
517 2385 695 2439 eonverso
716 2366 780 2439 sub
808 2383 924 2462 poena
950 2366 1119 2439 nullitatis
1150 2360 1184 2455 l)
1205 2360 1330 2448 adhue,
1357 2365 1395 2428 ut
1484 2433 1486 2439 ,
1574 2441 1575 2450 ¹

196 2479 409 2565 -praeter
434 2465 570 2560 reliqua
592 2466 636 2537 ad
662 2467 821 2540 valorem
844 2469 1031 2560 cujuslibet
1057 2465 1239 2557 Priuilegii
1262 2478 1396 2532 neces-

201 2575 307 2661 saria,
336 2588 502 2665 quorsum
536 2569 572 2636 in
601 2572 757 2664 speeiem
776 2570 965 2643 earundem
993 2568 1181 2665 publicatio
1209 2566 1246 2635 in
1272 2559 1394 2634 Comi-

199 2684 287 2760 tatu,
314 2676 349 2743 in
379 2691 447 2764 quo
467 2667 677 2762 impetrator
703 2673 850 2761 residet,
876 2668 1255 2744 refertur-bitterae
1274 2684 1393 2735 arma-

198 2775 252 2846 les
273 2790 479 2868 expressum
490 2768 690 2845 Nobilitatis
705 2774 930 2847 collationem
942 2774 1143 2858 enunciant,
1164 2764 1394 2862 atquebeno-

197 2877 323 2946 marito
354 2874 386 2962 ⁶)
415 2893 502 2963 erga
529 2872 774 2963 sufficientem,
807 2897 909 2969 quam
938 2876 1040 2968 loges
1071 2871 1202 2943 diserte
1232 2869 1391 2957 exigunt,

199 2974 538 3047 commendationem
563 2974 810 3066 resolvantur,
837 2979 968 3069 integri
993 2973 1162 3047 videlieet
1187 2967 1393 3052 Comitatus,

198 3076 260 3152 vel
279 3079 382 3149 trium
400 3073 444 3146 ad
461 3077 637 3147 minimum
660 3081 839 3170 regiorum
864 3075 1153 3151 consiliariorum
1185 3069 1230 3162 l),
1260 3072 1396 3140 sivero

140 3228 143 3233 -
200 3176 297 3254 Civis
315 3181 374 3267 sit,
401 3176 548 3247 duorum
567 3174 858 3251 consiliariorum
887 3177 1138 3250 int‘oreessioni
1164 3172 1300 3268 proprii
1316 3165 1397 3240 bia-

200 3284 369 3373 gistratus
389 3275 501 3348 Civiei
531 3276 577 3372 ⁸),
603 3301 669 3376 pro
689 3277 835 3352 Gelonis
854 3281 995 3353 Domini
1013 3276 1210 3350 Terrestris
1240 3289 1399 3367 eonsen-

201 3401 277 3471 sus,
306 3390 342 3453 et
359 3381 591 3474 patrocinium
603 3381 679 3478 jam
695 3383 937 3456 neeessariam
954 3381 1161 3476 requisitum
1179 3393 1263 3448 esse
1282 3369 1397 3442 desiit.

730 3507 766 3594 §-
796 3509 881 3582 266.

374 3633 572 3723 Expressa
598 3631 822 3704 Nobt‘lz‘tutt's
849 3638 989 3706 mentio
1017 3630 1233 3721 requiritur.

236 3797 238 3802 ·
260 3749 266 3762 '
304 3753 413 3826 Binos
431 3759 649 3850 praemissos
668 3753 894 3828 Nobilitatem
913 3748 1155 3849 consequendi
1173 3741 1321 3832 modos,
1350 3739 1400 3808 uti

199 3879 419 3896 Μ

232 3927 257 3988 ι)
277 3927 401 3978 Klubber
414 3926 453 3992 ,de
471 3925 558 3978 Nobll.
578 3926 700 3979 cottettt.
718 3925 743 3991 6.
761 3929 786 3982 3.

230 3997 259 4065 b)
278 3998 388 4051 Confer.
408 3997 515 4050 [atoue
541 3997 615 4048 illst.
642 3998 701 4049 ortt.
720 3999 752 4048 ’1.
779 3997 822 4049 11.
840 4008 865 4058 p.
894 3991 954 4045 619.
972 3997 1000 4049 et
1027 4001 1084 4054 seq.
1112 3992 1141 4041 et
1159 3985 1339 4040 schwartner
1358 3981 1403 4034 ln·

246 4137 260 4204 )
281 4067 465 4188 troduetioein
485 4069 553 4120 Rem
574 4068 638 4133 dipl.
656 4067 729 4120 mult.
747 4063 897 4131 1611200.

164 4188 166 4192 .
234 4157 247 4184 ο
277 4141 311 4192 Ρ.
329 4140 349 4189 l.
368 4143 399 4188 tu
438 4173 446 4191 .

237 4208 265 4273 a)
284 4208 363 4262 1660.
382 4207 426 4260 60.
445 4207 524 4261 1666.
543 4207 588 4260 06.

235 4276 261 4340 ι)
278 4280 308 4331 Ρ.
328 4280 351 4329 l.
370 4278 573 4333 tus-1622.
592 4272 765 4329 17.-1630.
784 4271 827 4326 30.
899 4278 901 4282 ’

234 4345 262 4409 r)
282 4347 333 4398 (tlt
355 4345 432 4399 1660.
451 4349 494 4403 30.
624 4385 626 4388 -

236 4415 264 4482 ς)
283 4415 351 4468 an.
369 4420 420 4467 nri.
