3122 4852
1242 211 1319 305 '173

127 389 278 464 formula
296 427 349 440 —
366 384 559 464 Sessiones
579 391 808 480 colonicales,
826 389 896 463 nisi
917 389 975 466 ubi
992 392 1054 469 lex
1072 397 1213 471 disertis
1230 421 1322 474 ver·
1352 388 1354 392 ’

125 490 181 564 bis
207 493 309 564 aliter
335 493 478 582 statuit,
505 490 632 588 abinde
657 495 884 566 averruncari
908 497 992 583 vix,
1020 519 1062 568 ac
1090 521 1135 571 ne
1152 503 1216 573 vix
1237 503 1320 595 qui·
1446 505 1453 518 '

128 591 206 663 dem
225 595 371 689 amplius
389 602 576 685 poterant,
605 599 673 666 nisi
698 593 857 666 stabilem
884 591 1187 673 Contributionem
1204 605 1321 674 insta-

126 691 211 783 bili,
239 717 281 766 ae
299 699 434 765 incerto
461 696 533 766 talo
559 693 715 785 Majores
745 705 891 769 nostros
910 700 1063 771 innixam
1090 700 1222 773 babere
1247 725 1319 775 vo-

126 793 260 886 luisse,
290 793 473 868 arbitrario
493 817 704 870 asseverare
722 817 863 891 pergas.
1305 829 1307 832 ·

651 1001 687 1084 §.
717 1001 802 1073 612.

510 1171 762 1242 Cooto’oootor
787 1171 950 1244 uberior.

230 1336 408 1411 Illustrant
424 1341 536 1432 magis
564 1339 677 1411 adbuc
700 1345 910 1434 sententiam
935 1351 1111 1430 nostram,
1150 1364 1324 1439 omneque

132 1437 269 1508 dubium
289 1438 449 1513 dirimunt
477 1442 569 1511 Aeta
588 1439 838 1529 comitiorum,
867 1441 1159 1514 introductionem
1189 1444 1323 1518 stabilis

132 1537 407 1613 Contributionis
436 1544 597 1636 proxime
631 1545 911 1636 insequentium,
948 1565 1025 1612 cum
1058 1542 1196 1636 legibus
1234 1566 1326 1640 syn-

11 1677 17 1698 ·
132 1639 274 1714 ebronis
312 1643 520 1715 combinata.
562 1641 752 1715 Enimvero
783 1641 969 1715 confestim
1006 1644 1111 1716 Anno
1152 1648 1260 1718 1723.
1293 1648 1324 1736 ⁸)

132 1747 346 1840 conscriptio
387 1745 577 1817 secundum
604 1743 738 1834 ideam,
776 1744 900 1816 eadem
933 1745 1058 1816 Diaeta
1098 1755 1327 1840 acceptatam,

127 1844 229 1932 juxta
248 1867 349 1939 quam
368 1846 426 1916 illa
457 1846 501 1914 ad
527 1843 655 1916 fundos
675 1866 815 1939 quoqne
835 1846 1022 1917 colonicali
1050 1847 1150 1916 titulo
1172 1869 1190 1916 a
1210 1845 1327 1918 Nobi-

132 1943 222 2016 libus
241 1954 382 2032 tentos,
411 1956 559 2017 extensa
587 1943 674 2032 luit,
702 1945 825 2037 perfici
846 1943 1010 2034 jubetur3
1039 1955 1074 2015 et
1103 1946 1144 2016 ab
1164 1945 1218 2017 bis
1238 1950 1327 2039 ipsis

133 2044 249 2118 lundis
269 2048 429 2140 proximo
448 2049 575 2116 iterum
589 2041 706 2134 Regni
718 2041 907 2119 Conventa
923 2047 1013 2116 intra
1034 2049 1241 2117 sexennium
1259 2047 1328 2118 ha-

132 2146 205 2217 bito
236 2145 270 2236 ¹²)
290 2146 500 2217 contributio
532 2144 703 2216 solvenda
723 2146 934 2218 decernitur.
972 2144 1082 2230 Quam
1101 2145 1215 2219 ideam
1235 2169 1327 2220 anno

135 2246 271 2318 demum
292 2250 399 2320 1751.
426 2245 633 2341 Regnicolis
662 2243 767 2320 etiam
798 2247 988 2337 arrisisse,
1015 2258 1117 2340 gesta
1147 2249 1225 2339 ejus
1246 2251 1327 2323 aevi

136 2345 331 2422 Comitialia
349 2347 545 2444 perhibent.

650 2554 685 2639 §.
716 2554 799 2626 613.

501 2723 681 2812 &uadem
710 2724 957 2809 Quaestionem

239 2894 419 2966 incassum
436 2895 555 2987 itaque
575 2897 763 2987 opponitur
773 2895 938 2987 palmaris
956 2894 1015 2968 illa
1040 2892 1216 2966 Nobilium
1235 2893 1331 2965 obli·
1407 2911 1411 2924 ·

138 2999 255 3090 gallo,
284 2996 429 3067 excluso
449 2993 519 3064 alio
540 3015 673 3082 onere,
701 3015 765 3087 pro
785 2994 903 3086 Regni
922 2995 1130 3082 defensione
1149 2994 1330 3083 militandi,

138 3096 299 3189 legibus,
327 3116 414 3189 quas
432 3098 607 3190 repetitim
625 3115 825 3188 provocare
850 3116 917 3165 nec
935 3099 1002 3188 ipsi
1030 3096 1251 3186 negleximus
1283 3095 1329 3182 ⁸),

139 3195 387 3283 corroborata3
418 3196 512 3290 quod
546 3199 629 3268 item
648 3217 737 3292 onus
764 3193 883 3267 tributi
902 3195 1009 3268 fundo
1037 3217 1108 3266 non
1126 3194 1330 3280 inhaereat3

140 3300 183 3369 de
203 3319 346 3392 quarum
365 3297 540 3368 ambarum
571 3300 857 3369 constitutionum
885 3319 972 3387 usu,
1001 3307 1035 3368 et
1061 3296 1242 3367 intellectu
1261 3316 1331 3365 ex-

107 3453 113 3459 ·
139 3401 281 3496 plicatio
300 3398 448 3470 ulterior
466 3399 657 3470 interclusa
675 3397 822 3469 babetur
841 3401 968 3490 (410).
992 3396 1221 3470 Personalem
1241 3399 1332 3466 enim

140 3503 228 3573 hanc
262 3499 428 3573 militandi
456 3498 705 3592 obligationem
734 3519 811 3568 cum
845 3500 1056 3570 immunitate
1083 3498 1203 3567 tributi
1220 3497 1331 3567 relate

142 3603 185 3673 ad
202 3623 397 3699 personas,
427 3611 461 3672 et
480 3622 539 3672 res
558 3600 734 3674 Nobilium
755 3604 917 3694 proprias
937 3597 1050 3670 solum
1069 3597 1242 3691 colligari,
1261 3617 1331 3669 nc-

143 3725 210 3797 qne
230 3703 273 3774 ad
292 3702 419 3775 fundos
439 3702 604 3773 dominali
623 3704 786 3774 servituti
800 3701 974 3773 obnoxios
986 3701 1137 3797 perferri
1156 3701 1330 3792 potuisse,

143 3804 207 3878 sed
233 3826 349 3900 neque
377 3805 573 3878 Articulum
602 3806 636 3877 6.
660 3803 918 3876 1723101111
943 3804 1002 3892 jus
1023 3801 1195 3898 quoddam
1214 3803 1333 3872 susci·
1348 3816 1363 3845 s

143 3915 261 3995 tasse,
287 3909 410 3980 verum
438 3908 542 3976 unice
560 3907 679 4001 priora
699 3902 950 3995 confirmasse,
976 3906 1012 3976 in
1038 3899 1332 4000 praecedentibus

144 4007 358 4081 sufficienter
376 4006 531 4102 adparet.

139 4158 348 4261 W.
364 4201 406 4250 67.
424 4200 502 4252 1733.

173 4282 199 4346 ¹³)
220 4285 296 4337 1729.
314 4283 616 4346 111111111111111111111.
635 4283 752 4347 releges.

176 4368 741 4436 annae-mmc-mms
