3144 4860
1289 248 1357 322 121

164 411 271 486 tionis
297 412 471 484 securitas
498 407 582 484 mox
611 411 757 506 amplius
786 411 868 507 quid
896 416 1027 509 exegit.
1057 412 1204 491 Constat
1229 417 1359 511 quippe

166 514 369 584 narratione
408 515 727 606 antiquissimorum
756 512 1134 612 chronographorum,
1168 520 1360 590 innumeris

164 613 409 708 diplomatibus
447 615 639 702 roborata,
674 614 718 685 nd
750 616 964 710 evidentiam
1000 641 1132 713 usque:
1170 616 1357 711 Hungaros

162 737 228 811 per
246 711 397 804 Tribus,
426 738 468 787 nc
489 715 769 806 Generatianes,
797 739 883 811 quas
902 718 1024 794 Simon
1044 722 1088 793 de
1106 721 1202 794 Kena
1221 730 1361 793 centum

164 826 200 891 et
219 825 300 890 coto
320 816 432 890 fuisse
460 818 607 891 adstruit
637 821 698 908 ⁸),
726 817 771 889 ad
790 819 895 892 sedes
921 842 1056 911 novas,
1084 824 1218 895 relictis
1237 824 1356 912 evitis,

165 919 371 1012 deligendus
395 925 641 1016 processisse,
671 919 751 992 dein
782 923 974 994 secundum
1001 925 1106 1019 paulo
1132 934 1236 998 antea
1256 944 1359 996 com-

162 1026 346 1094 memorati
373 1025 466 1117 pacti
499 1020 743 1095 Conditicnem
772 1023 937 1098 alteram:
979 1026 1048 1118 „Ut
1076 1024 1242 1121 quidquid
1273 1025 1359 1100 boni

165 1147 253 1222 ,per
269 1123 411 1198 labores
431 1147 553 1197 eorum
572 1127 734 1220 aquirere
753 1137 923 1220 possent,
951 1150 1055 1203 nemo
1085 1150 1207 1201 eorum
1227 1147 1357 1224 expers

165 1227 291 1318 „lieret
320 1225 379 1316 b)“
399 1237 518 1323 partas
536 1229 722 1316 victoriis,
751 1228 818 1299 sibi
844 1252 1021 1324 nunquam
1047 1232 1264 1318 incruentis,
1292 1251 1358 1300 re-

162 1332 308 1422 giones,
336 1350 411 1400 rem
430 1333 531 1422 quasi
548 1331 726 1424 propriam
746 1333 985 1403 communibus
1010 1333 1167 1421 viribus,
1196 1341 1232 1404 et
1250 1333 1358 1403 sociis

163 1434 268 1502 armis
288 1433 540 1524 conquisitam,
568 1435 661 1502 inter
680 1451 720 1502 se
739 1430 905 1504 divisisse
923 1429 977 1523 l).
1005 1435 1186 1528 Dispersis
1211 1432 1278 1502 hac
1294 1455 1359 1503 ra-

162 1539 259 1606 tione
284 1555 350 1629 per
375 1544 516 1605 vastum
543 1533 631 1604 adeo
652 1533 813 1624 Regnum
831 1556 899 1604 nec
927 1539 1012 1608 satis
1031 1545 1141 1606 tutum
1158 1533 1357 1623 videbatur,

163 1656 303 1708 omnem
323 1635 543 1706 devictorum
562 1633 817 1705 multitudinem
835 1637 907 1722 uni,
929 1635 1111 1730 eidemque
1132 1636 1254 1708 servili
1268 1636 1357 1728 jugo

163 1737 336 1825 subdere,
382 1736 516 1809 adhaec
551 1745 606 1808 tot
630 1735 733 1807 bellis
752 1757 970 1830 magnopere
996 1741 1197 1810 imminutus
1214 1737 1359 1808 militum

163 1859 327 1910 numerus
347 1839 600 1932 supplementis
631 1837 769 1931 egebat.
799 1838 909 1930 Igitur
935 1839 1252 1934 praestantioribus
1270 1837 1359 1910 sub·
1402 1909 1404 1914 ,

157 1943 273 2033 jugati
301 1939 423 2032 populi
449 1941 609 2034 reliquiis
639 1961 725 2033 erga
751 1949 883 2012 certam
902 1942 1082 2032 cujusdam
1109 1943 1271 2030 servitii,
1300 1949 1360 2012 aut

162 2040 388 2112 obventionis
416 2043 704 2133 praestationem,
723 2047 849 2136 partim
868 2043 947 2115 solo
967 2064 1088 2115 seeum
1105 2041 1275 2114 militandi
1294 2043 1358 2115 sub

164 2162 275 2214 onere
296 2138 340 2212 ad
368 2161 524 2213 normam
553 2143 762 2236 systematis
792 2143 963 2235 feudalis,
992 2155 1064 2217 turn
1081 2146 1118 2216 in
1135 2143 1278 2237 Europa
1295 2147 1359 2216 vi*

106 2301 114 2314 .
164 2246 306 2338 gentis,
334 2243 395 2314 vel
422 2265 504 2314 rura
534 2255 680 2339 paterna
708 2266 818 2339 porro
843 2249 1100 2342 permiserunt,
1145 2246 1205 2319 vel
1222 2256 1358 2341 partem

163 2357 305 2433 terrae,
329 2345 464 2435 jamin
494 2367 592 2419 suam
617 2353 870 2442 proprietatem
897 2348 1085 2438 redactae,
1113 2349 1204 2420 ultro
1224 2367 1360 2442 perce-

163 2448 302 2519 lendam
319 2447 556 2537 tradiderunt,
578 2453 731 2522 caeteris
752 2452 874 2522 stricte
893 2454 928 2522 in
947 2456 1155 2524 servitutem
1174 2450 1358 2539 conjectis.

204 2571 242 2654 d)
267 2569 354 2642 Quos
384 2570 415 2631 in
447 2571 550 2650 speeie
587 2569 750 2652 regionum
789 2579 907 2635 tractus
937 2576 1095 2656 primaeva
1117 2574 1173 2635 bae
1204 2572 1360 2635 divisione

247 2655 461 2734 unusquisque
492 2655 733 2736 Capitoneerum
774 2677 832 2738 pro
864 2677 922 2721 sue
951 2662 1149 2740 generatione
1180 2659 1359 2734 obtinuerit,

247 2741 392 2804 laudatus
416 2742 523 2803 Simon
547 2742 584 2802 de
605 2743 696 2812 Keza
714 2745 931 2806 nominetenus
953 2747 1151 2827 recensete),
1174 2747 1324 2825 additque
1343 2763 1360 2806 e

247 2827 382 2908 vestigio
406 2827 504 2889 istos
529 2829 682 2907 quidem
707 2827 955 2909 Capitanaoa
978 2831 1083 2907 loce,
1105 2835 1360 2894 descensum-

247 2932 334 2993 que,
359 2919 398 2973 ut
429 2915 624 2993 superius
656 2923 717 2978 ast
746 2917 916 2993 dictum,
949 2917 1152 2979 similiter
1182 2927 1219 2980 et
1252 2917 1358 2979 alies

246 2997 543 3079 generationes,
575 3001 641 3062 ubi
664 3001 724 3064 eis
754 3002 927 3082 placuit,
961 3003 1158 3085 elegisse.
1187 3002 1271 3066 Hinc
1305 3002 1359 3065 diu

132 3155 135 3162 ¹
246 3091 399 3163 usurpata
415 3084 561 3164 apellatio
581 3087 751 3148 descensus
769 3086 894 3168 (nativo
909 3090 1060 3151 vocabulo
1077 3087 1200 3164 sudleie)
1218 3089 1250 3148 in
1266 3105 1359 3150 usum

244 3176 371 3230 venerat
394 3187 448 3244 eo,
479 3172 559 3252 quod
591 3171 734 3252 singulae
764 3175 884 3236 Tribus
914 3175 946 3236 in
977 3174 1138 3254 assignata
1168 3173 1229 3234 sibi
1253 3172 1358 3254 plaga,

175 3269 177 3274 ’
245 3263 399 3400 tamqupm
424 3272 482 3399 sqa
503 3257 707 3338 proprietate,
730 3259 871 3325 stabilem
896 3259 1087 3326 mansionem
1110 3255 1358 3340 detulissentne

246 3357 339 3404 conse
363 3355 470 3403 rsseo.

713 3504 721 3521 .
755 3456 837 3524 155.

478 3577 611 3672 ⁸Origo
644 3453 1031 3652 Cdnde‘tz’onariorum.

263 3699 395 3776 Classis
412 3700 602 3791 hominum,
631 3704 822 3796 quinoque
839 3705 948 3793 servi,
976 3724 1044 3776 nec
1060 3713 1175 3778 tamen
1194 3702 1355 3800 perlecta

158 3805 261 3878 liberi
283 3813 396 3891 erant,
423 3802 616 3894 MaJoribus
642 3814 744 3876 antea
774 3808 966 3898 incognita,
994 3827 1125 3880 novum
1148 3815 1271 3901 suapte
1296 3809 1357 3878 in-

162 3908 259 3979 duxit
299 3906 498 3977 disorimen.
527 3905 656 3978 Milites
697 3911 789 3977 enim
824 3918 938 3980 terras
975 3907 1091 4003 Regni
1121 3927 1242 3982 ornnes
1269 3927 1355 3996 uno,

161 4009 356 4103 eodemque
375 4007 454 4095 jure
478 4006 653 4095 obtentas,
673 4008 909 4104 haereditario
932 4011 1046 4099 simul,
1066 4034 1108 4081 ao
1122 4011 1236 4082 libero
1255 4009 1355 4082 titulo

160 4109 401 4204 possidebant,
430 4112 575 4200 caeteri,
603 4110 687 4183 lieet
705 4134 724 4182 a
745 4115 917 4198 servitute
937 4115 1080 4203 exemti,
1103 4109 1356 4186 usumfructum

189 4279 213 4332 ⁴¹)
235 4280 298 4344 Cap.
319 4283 351 4332 ll.

187 4351 215 4404 bt
235 4349 315 4399 natae
334 4349 427 4400 Notas.
449 4347 513 4399 bist.
533 4351 557 4400 7.
577 4352 646 4404 Due.
666 4351 695 4403 C.
713 4355 739 4404 7.

189 4420 215 4488 ⁰)
233 4418 305 4472 Edit.
326 4419 443 4484 Eerduy.
462 4433 487 4485 p.
506 4419 549 4474 69.
