3122 4852
1240 197 1316 294 aou'

117 407 206 483 pore
232 379 428 478 defixerat,
463 388 701 461 institutorum
736 383 986 462 litterariorum
1026 386 1309 480 coordinatione,
1425 425 1428 430 ⁴

118 490 219 582 Rege
247 492 368 586 utique
396 491 433 562 id
458 494 572 587 ipsum
597 491 792 585 largiente,
833 493 1094 564 restrictionem
1129 490 1310 586 quamdam

118 594 321 664 intentatam
341 591 472 683 fuisse,
501 592 579 664 dum
606 597 642 666 in
668 593 782 686 Regia
813 594 1044 668 Scientiarum
1072 591 1312 664 Universitate

57 746 60 754 -
119 692 274 766 selectus
302 693 563 790 disciplinarum
597 719 670 770 non
696 699 834 786 minus,
869 705 974 790 atque
1012 695 1212 767 docentium
1248 694 1311 767 sub

119 798 226 870 cartis
245 798 504 870 conditionibus
523 800 794 872 interlocutoria
811 822 877 894 per
888 799 1118 870 Ministerium
1136 795 1312 872 definien-

122 897 174 971 dis
192 897 374 974 Juventuti
391 901 603 999 relinquitur
633 902 686 997 ⁸),
714 911 890 1000 utcunque
910 901 1066 997 adparet.
1131 931 1132 934 ¹

640 1108 677 1195 §.
705 1108 792 1182 498.
822 1119 825 1126 ’

479 1259 548 1330 luc
572 1258 689 1349 Repete
713 1259 946 1348 Hunpcra‘cc.

220 1405 453 1478 Nihilominus
479 1403 584 1501 plana
610 1413 790 1500 potestate
816 1403 897 1478 Rex
919 1402 1120 1496 Hungariae
1148 1411 1185 1476 et
1203 1424 1223 1474 a
1241 1399 1314 1476 Se-

121 1505 231 1600 culis,
256 1509 349 1604 quod
367 1507 506 1603 quidem
524 1529 571 1580 ex
587 1506 758 1580 hactenus
776 1508 813 1580 in
830 1507 981 1578 madium
999 1504 1157 1584 adductis
1176 1503 1315 1578 abunde

121 1614 329 1702 conjicitur,
357 1611 551 1682 litterarum
577 1609 691 1682 studia
717 1612 794 1682 sine
820 1610 1019 1682 discrimine
1046 1612 1214 1682 universa
1232 1629 1315 1678 mo·-

123 1716 275 1787 deratur.
304 1713 464 1802 Excitat,
492 1723 528 1786 et
546 1711 668 1785 fundat
685 1710 847 1785 Instituta
874 1711 1069 1800 litteraria,
1096 1720 1201 1806 atque
1221 1710 1316 1782 edu·-

122 1821 256 1888 catoria
285 1818 443 1906 cujusvis
473 1818 644 1907 generis3
670 1835 739 1886 uec
767 1815 868 1886 alteri
889 1817 1037 1908 cuipiam
1062 1813 1127 1886 Jus
1146 1814 1316 1906 competit
1344 1835 1347 1840 ·

6 1943 14 1960 ¹
120 1917 269 1990 Scholas
288 1918 465 2013 publicas:
494 1926 578 2010 puta
598 1915 847 2010 Gymnasium,
874 1916 1120 2003 Academiam,
1154 1913 1316 1986 Univer-

121 2023 261 2093 sitatcm
298 2015 480 2110 erigendi,
515 2019 585 2088 nisi
611 2018 797 2109 impetrata
827 2019 951 2088 surmrni
987 2016 1163 2109 Principis
1195 2018 1316 2089 vania.

120 2122 205 2212 Ejus
236 2129 291 2192 est
323 2127 511 2214 praeterea
541 2131 699 2188 normam
735 2115 929 2190 studiorum
961 2116 1231 2212 praescribere,
1271 2116 1318 2190 de

121 2224 376 2315 Antcsiguanis
395 2218 802 2293 erudiendaeluventuti
820 2219 959 2292 idoneis
976 2218 1167 2313 providere
1181 2243 1198 2303 ς,
1211 2240 1317 2290 uum-

121 2348 190 2419 que
225 2345 371 2397 munere
400 2321 466 2394 sibi
494 2321 628 2393 credito
656 2323 724 2394 rite
753 2321 1011 2414 defungantur,
1049 2320 1247 2412 invigilare.
1276 2319 1317 2396 ld
1392 2342 1396 2350 ’

123 2427 217 2521 quod
234 2426 339 2498 hodie
360 2429 464 2498 otiam
483 2424 526 2496 de
545 2426 763 2496 institutione
783 2424 976 2512 litteraria,
1004 2434 1040 2495 et
1066 2422 1315 2493 informatione

6 2550 9 2558 ’
122 2531 245 2602 morali
265 2527 359 2601 Cleri
378 2536 448 2598 tam
467 2526 662 2617 secularis,
691 2548 793 2620 quam
811 2527 985 2620 regularis
1003 2525 1222 2620 intelligitur.

528 2757 530 2766 ’
563 2759 572 2783 ·2
641 2730 676 2817 §.
705 2733 789 2805 499.

395 2881 529 2956 uelata
555 2880 610 2953 cd
631 2879 793 2952 Sedulus
820 2879 1036 2952 catholicas.

222 3027 443 3100 Exercentur
460 3028 548 3100 haec
568 3031 683 3100 omnia
697 3031 733 3100 in
751 3025 891 3101 Scholis
904 3028 1164 3102 catholicorum
1182 3050 1316 3124 supre-

122 3151 177 3202 mo
206 3140 242 3200 et
268 3127 526 3223 Inspectionis,
556 3139 591 3202 et
616 3129 827 3201 Patronatus
853 3130 962 3217 lure,
992 3130 1085 3224 quod
1115 3129 1315 3222 diligentius

120 3231 273 3328 probare
291 3229 431 3301 videtur
445 3232 518 3320 jam
537 3252 609 3303 uon
628 3252 710 3304 esse
741 3233 1003 3322 necessarium,
1031 3229 1169 3325 quando
1189 3229 1316 3300 Histo-

120 3337 195 3424 ria,
223 3333 348 3424 leges,
377 3341 412 3402 et
431 3331 657 3405 observantia
675 3333 791 3426 Regni
810 3332 868 3421 id,
897 3333 991 3428 quod
1010 3354 1157 3422 assero,
1185 3332 1315 3403 claris-

55 3467 56 3470 *
117 3439 209 3507 ‘sime
228 3431 445 3506 confirmant.
474 3431 563 3503 Hinc
582 3443 659 3522 est,
689 3433 783 3527 quod
808 3439 940 3528 passim
966 3434 1056 3504 haec
1072 3433 1257 3522 Instituta,
1287 3434 1317 3504 si

120 3540 278 3634 privatas
298 3529 523 3606 fundationes
543 3534 676 3622 demas,
696 3537 829 3628 regia
849 3539 1154 3629 cognominentur,
1166 3539 1322 3605 cuncto-²
1373 3541 1375 3547 '
1444 3605 1447 3612 ,

119 3660 196 3711 rum
223 3659 313 3709 vero
341 3637 514 3730 inspectio
533 3635 669 3728 Regem
687 3638 856 3730 respiciat
881 3635 944 3734 ⁴⁵),
970 3635 1179 3732 legibusque
1213 3637 1314 3731 ipsis,

120 3752 158 3813 ut
185 3738 355 3827 vidimus,
383 3740 584 3809 auctoritati
608 3740 730 3830 regiae
758 3737 919 3812 relictum
944 3741 1012 3829 sit,
1039 3737 1132 3810 bona
1162 3760 1204 3809 ac
1222 3758 1314 3834 pro-

120 3852 248 3916 ventus
267 3839 489 3914 desertorum
506 3838 759 3912 beneficiorum
778 3842 1105 3918 ecclesiasticorum
1121 3844 1158 3928 iu
1187 3839 1315 3913 saluti-

121 3942 220 4016 feros
239 3943 304 4016 hos
324 3941 413 4015 lines
432 3951 656 4014 convertere.

163 4087 202 4171 ἰ)
226 4086 316 4160 Quod
337 4088 433 4150 verba
454 4087 557 4168 ipsius
579 4086 659 4169 legis
674 4085 709 4172 ¹’)
733 4089 894 4169 sequeutia
912 4089 958 4154 sic
971 4089 1148 4172 exprimunt
1170 4084 1318 4174 „cujw

120 4235 331 4251 m

150 4301 272 4369 Ι01818.
293 4307 334 4358 19.

42 4449 50 4461 ,
148 4390 178 4460 l)
197 4395 277 4448 1711.
293 4389 336 4447 il.
356 4387 379 4459 d.
397 4395 422 4447 1.
441 4391 512 4444 conl.
529 4389 608 4448 ¹72³.
629 4391 672 4445 70.
