3142 4862
1346 225 1396 300 te

195 383 299 457 tibus.
328 385 384 458 Ac
404 384 623 458 litteraturae
642 385 782 478 quidem
802 387 906 478 hujus
928 393 1108 483 specimen
1137 393 1281 488 aliquod
1300 393 1396 466 dedit

195 487 247 580 lg.
269 484 468 582 Stephanus
498 485 658 561 llorvdtb
688 487 738 580 ⁸),
765 487 1037 584 locupletiorem
1064 494 1301 588 propinabunt
1329 495 1395 566 Bi-

195 587 371 660 bliotbeca
399 587 597 661 Nationalie
632 587 921 686 Snecbtnyiana,
959 590 1185 688 Telekyana,
1216 592 1395 668 Cornide-

198 695 316 780 siana,
342 689 609 788 Battbydnyana
640 701 800 785 utraque.
837 731 888 746 --
917 693 993 767 Nos
1021 715 1134 785 varo,
1162 719 1308 791 qutarum
1333 701 1394 769 in-

197 797 318 889 genio,
347 791 531 889 doctisque
556 792 737 867 laboribus
761 797 1040 868 mediocritatem
1067 807 1226 871 nostram
1247 800 1393 873 succol-

196 899 272 970 lare
298 899 414 970 visum
432 905 539 987 'erat,
568 899 641 968 suis
669 894 760 968 locis
792 896 887 969 iideli
916 904 1177 994 provocatione
1204 900 1393 996 designare

195 1024 267 1073 uon
298 999 538 1093 negligemus:
579 1008 660 1090 „est
691 1001 783 1070 enim
813 999 1002 1093 benignum
1028 1041 1080 1054 -
1106 1011 1145 1074 ut
1174 1025 1251 1075 cum
1278 1005 1395 1076 Plinio

197 1103 348 1176 arbitror
368 1141 421 1156 -
439 1112 475 1176 et
492 1102 633 1200 plenum
651 1103 795 1197 ingenui
809 1103 956 1202 pudoris
975 1102 1093 1195 lateri,
1106 1126 1179 1201 per
1196 1129 1286 1204 quos
1302 1130 1393 1203 pro-

196 1206 364 1280 leceris.“

699 1334 735 1421 §.
763 1332 886 1406 XLVI.

327 1491 328 1495 ¹
425 1515 429 1524 .
476 1463 709 1553 Libycarum
736 1459 896 1552 dentque
923 1466 1102 1551 cognitio.

218 1633 221 1640 -
295 1586 426 1680 Ingens
462 1585 621 1660 adhaec
649 1583 861 1672 subsidium,
907 1587 1083 1678 sineque
1115 1606 1183 1656 nec
1214 1583 1391 1681 prioribus

195 1689 334 1784 quidem
354 1694 442 1762 citra
460 1688 702 1778 difficultatum
719 1690 770 1759 uti
788 1688 939 1781 poteris,
960 1692 1054 1761 omui
1076 1697 1192 1760 aetate
1212 1688 1395 1761 adferebat
1469 1767 1471 1772 ,

192 1795 351 1887 inprimis
370 1793 526 1884 cognitio
554 1790 766 1882 Linguae
793 1791 1108 1882 Hungaricae,
1136 1790 1235 1864 velut
1254 1800 1391 1864 mater-

193 1916 274 1982 nae,
302 1902 375 1962 tum
403 1894 552 1987 plurium
577 1891 743 1978 aliarum,
770 1894 807 1962 in
835 1896 956 1985 specie
994 1891 1327 1983 Germanicae,
1356 1903 1393 1992 ct

192 2035 245 2048 --
266 2016 357 2086 quae
375 1997 506 2088 primas
529 1991 671 2062 indubie
697 1991 761 2062 has
791 1996 883 2064 inter
901 2003 1022 2085 partes
1041 1993 1177 2066 obtinet
1192 2031 1244 2049 —-·
1261 1996 1390 2068 Lati-

194 2117 280 2168 nae
307 2097 490 2188 magisque
508 2114 624 2165 sermc
643 2092 703 2164 ille
725 2094 806 2164 aevi
825 2092 942 2180 medii,
969 2115 1071 2186 quam
1095 2095 1277 2170 classicus.
1298 2098 1393 2172 Sane

194 2204 500 2294 quantumcunque
525 2195 654 2267 idioma
686 2194 807 2266 latium
837 2216 903 2289 pro
933 2205 1095 2284 mortuo,
1132 2205 1168 2270 et
1199 2203 1392 2291 peregrino

193 2300 290 2372 multi
311 2320 423 2394 nuper
433 2297 619 2393 despicere
640 2298 825 2392 coeperint
839 2296 978 2392 quidam
989 2295 1243 2392 quibusquibus
1252 2301 1393 2373 tandem

194 2405 389 2491 decausis,
417 2421 503 2496 quas
532 2399 638 2472 modo
661 2403 864 2472 examinare
893 2422 965 2472 non
992 2401 1147 2496 expedit,
1174 2401 1277 2475 nobis
1296 2403 1393 2477 nullo

194 2506 320 2577 damno
341 2510 415 2575 tute
434 2501 683 2596 negligendum
695 2504 917 2590 existiment3
936 2500 1002 2575 bac
1018 2503 1242 2576 nihilominus
1258 2505 1392 2598 lingva,

195 2627 284 2704 quae
308 2607 425 2698 Regni
447 2602 582 2698 Cives,
597 2606 748 2698 origine,
777 2614 813 2674 ct
834 2604 926 2676 labio
958 2605 1152 2677 vernaculo
1178 2610 1246 2679 etsi
1268 2607 1392 2703 dispa-

194 2731 267 2799 res,
296 2709 332 2778 in
351 2709 538 2803 propitiam
558 2708 725 2779 unionem
741 2705 806 2778 sub
822 2726 893 2777 unc
912 2705 1159 2800 Hungarcrum
1175 2712 1317 2780 nomine
1329 2729 1395 2805 per

196 2811 339 2884 saecula
351 2812 387 2880 in
410 2812 583 2881 communi
604 2811 717 2904 patria
732 2807 1012 2898 coadunaverat,
1024 2810 1124 2883 velut
1141 2807 1393 2894 constitutioni

194 2922 339 2985 nostrae
370 2921 586 3000 constanter,
616 2920 651 2981 et
673 2914 793 2982 intime
816 2932 923 2998 nexa,
951 2921 1020 2983 tam
1048 2913 1163 3005 leges,
1191 2937 1295 3008 quam
1322 2913 1393 2986 de-

197 3026 357 3090 cumenta
379 3035 445 3108 per
466 3034 604 3086 omnem
634 3022 786 3087 aetatem
810 3011 866 3084 edi
888 3024 1176 3103 consueverunt3
1204 3016 1271 3088 hac
1289 3015 1392 3090 nobis

192 3117 375 3189 libertates
406 3119 546 3203 avitae,
583 3113 756 3206 Majorum
790 3115 1035 3205 Traditiones,
1062 3116 1239 3210 Magnalia
1269 3117 1391 3192 Gentis
1464 3185 1474 3197 .

193 3221 413 3315 potissimum
442 3217 542 3288 fuere
574 3218 900 3292 conservandae
927 3216 1077 3314 denique
1105 3218 1238 3308 inantea,
1266 3230 1302 3292 et
1319 3243 1391 3294 ve·
1427 3295 1429 3302 ,

193 3333 269 3393 tera
291 3318 447 3394 subsidia
475 3335 589 3411 paene
621 3324 738 3396 omnia
766 3324 1002 3394 continentur.
1031 3320 1290 3417 EJuspreiude
1319 3345 1392 3396 non

193 3424 377 3508 utilitatem
399 3420 500 3508 dico,
530 3420 595 3490 eed
624 3441 790 3496 summam
820 3425 962 3495 omnino
992 3428 1243 3497 necessitatem
1266 3445 1330 3497 seu
1349 3424 1393 3496 ad

102 3556 135 3598 .·
192 3528 294 3618 leges
312 3518 608 3617 interpretandas,
637 3541 702 3591 scu
731 3522 775 3592 ad
804 3525 995 3614 genuinum
1015 3523 1392 3598 avitae'Ccnstitutio-
1427 3517 1428 3522 ’

192 3628 249 3699 nis
271 3629 431 3721 spiritum
459 3622 718 3719 assequendum
743 3624 804 3694 ille
827 3632 959 3694 tautum
981 3622 1180 3714 abnegabit,
1208 3646 1312 3718 quem
1332 3629 1392 3698 ni-

192 3733 274 3818 mia,
302 3739 338 3800 et
357 3728 448 3800 ultra
465 3729 585 3817 justes
614 3728 744 3800 limites
773 3745 969 3800 excurrens
1001 3727 1172 3800 novitatis
1200 3726 1389 3816 affectatio,

151 3843 154 3848 “
194 3843 254 3904 aut
280 3851 401 3906 crassa
427 3832 628 3924 ignorantia
657 3829 879 3904 obcaecavit.

683 3954 719 4041 ὃ.
747 3952 887 4028 XLVII.

313 4085 364 4156 Et
389 4081 638 4174 Pdt‘loacpbe‘u
653 4083 756 4169 joett’
778 4081 1009 4158 adminicula
1038 4087 1295 4170 consulerunt..

275 4205 362 4308 'llis'
378 4209 511 4278 cunctis
532 4227 617 4280 sana
640 4203 780 4296 Critica,
808 4217 845 4280 ct
860 4247 912 4260 -
932 4230 1022 4303 quae
1048 4209 1107 4282 isti
1125 4207 1243 4282 lumen
1260 4209 1389 4308 ubique

192 4331 400 4349 m

222 4378 247 4446 ι)
266 4377 475 4452 Addeidttarat,
493 4392 573 4448 quam
581 4379 613 4436 P.
631 4342 666 4434 u.
679 4341 754 4436 'auae
772 4381 882 4436 Statiat.
899 4381 1048 4450 praemittit
1061 4381 1133 4440 clar.
1147 4383 1173 4438 J.
1194 4379 1224 4436 0.
1237 4379 1391 4449 Bissinger.
