3158 4864
198 295 271 369 158

195 463 355 537 datorum
395 460 613 552 nominibus,
647 480 736 535 nnus
768 483 815 534 ex
839 461 904 534 bis
925 500 978 518 -··-
996 465 1150 538 unanimi
1184 461 1391 560 plerumque

195 566 475 639 conclamatione
501 563 543 654 1)
560 601 613 616 --
631 563 788 635 delectus
823 563 916 657 Regi
945 567 1080 638 sistitur
1119 563 1389 652 confirmandus,

196 669 318 739 eadem
336 669 548 739 occassione
567 687 685 738 coram
703 665 826 758 Rege,
854 687 896 736 ae
925 665 1153 764 Regnieolis,
1189 675 1294 763 prout
1318 669 1391 756 Jam

196 769 260 840 sub
293 768 472 840 Uladislao
508 766 552 838 11.
591 777 729 839 cautum
764 766 881 837 iuerat
910 769 956 858 ⁸),
986 769 1215 859 jurisjurandi
1258 769 1391 844 Sacra-

199 881 316 941 mento
350 868 591 962 obstringitur,
620 891 710 962 quae
747 868 842 956 olim,
895 870 1184 963 quemadmodum
1221 893 1241 940 e
1273 869 1393 962 Sigis-

195 971 325 1060 mundi,
354 983 389 1042 et
407 969 559 1042 Mathiae
577 969 740 1042 Decretis
771 969 804 1060 ¹³)
835 967 1018 1060 elucescit,
1045 974 1236 1068 praecipue
1262 971 1307 1042 ad
1325 971 1394 1043 de-

195 1073 301 1143 bitam
316 1073 473 1161 justitiae
500 1069 837 1143 administrationem
872 1074 1062 1166 pertinuit,
1091 1095 1158 1144 nec
1185 1097 1205 1144 a
1231 1073 1393 1160 formula,

197 1195 382 1268 perquam
401 1175 534 1244 caeteri
551 1171 695 1244 ludices
713 1173 830 1266 Regni
860 1173 1028 1245 ordinarii
1042 1175 1165 1263 jurare
1186 1174 1394 1266 obstringe-

196 1275 343 1364 bantur,
383 1274 586 1363 differebat,
622 1285 748 1370 postea
784 1273 942 1346 nonnihil
971 1275 1076 1347 latius
1105 1287 1318 1371 exporrecta
1352 1274 1395 1345 ad

197 1374 397 1448 fidelitatem
417 1375 510 1469 Regi
528 1376 789 1471 praestandam,
808 1377 911 1469 leges
930 1380 1028 1467 item,
1056 1378 1247 1473 populique
1266 1381 1395 1449 immu-

79 1479 80 1483 ’
198 1480 325 1551 nitates
363 1478 627 1566 observandas,
655 1489 759 1572 atque
789 1478 1067 1550 manutenendas
1099 1481 1143 1568 ο).
1180 1479 1257 1549 Hoc
1285 1501 1398 1574 prae-

200 1585 296 1669 stito,
315 1578 451 1650 litteras
478 1600 619 1671 quoque
639 1579 883 1649 collationales
903 1579 1098 1672 accipiebat
1117 1578 1305 1673 aliquando
1326 1600 1398 1650 no-

199 1683 352 1751 minatim
382 1678 596 1770 sigismundi
631 1688 792 1772 tempore
820 1678 1029 1750 Laurentius
1058 1679 1101 1750 de
1129 1679 1313 1754 Hedervar
1344 1676 1394 1771 d),

200 1791 236 1852 et
255 1779 318 1853 sub
336 1777 557 1850 Ferdinando
581 1777 607 1849 Ι.
631 1779 783 1853 Thomas
809 1778 979 1875 Nadasdy
1008 1782 1055 1872 ³),
1084 1781 1210 1854 abinde
1238 1804 1400 1856 consve-

200 1881 285 1968 tudo
305 1880 394 1952 baec
413 1879 545 1952 desiise
569 1880 721 1954 videtur.

221 1999 260 2087 *)
283 2003 365 2064 Dum
380 2002 556 2072 Alexandro
576 1998 755 2083 Leopoldo‚
778 2001 929 2082 Josepho,
960 2003 1115 2082 Stephano
1139 2001 1400 2067 Archi-Ducibus

288 2089 506 2152 Seranissimis
527 2106 640 2150 munus
657 2088 828 2151 Palatinale
853 2089 1052 2166 deferretur,
1083 2108 1101 2150 a
1123 2098 1227 2151 vetere
1246 2089 1401 2171 deligendi

286 2195 372 2238 more
395 2175 518 2238 decoris
534 2193 620 2256 ergo,
641 2183 672 2235 et
686 2175 877 2236 reverentiae
897 2194 1002 2252 causa,
1026 2176 1113 2254 regio
1136 2176 1282 2256 sanguini
1310 2177 1401 2238 deti-

285 2272 345 2336 tae,
368 2260 512 2322 nonnihil
536 2278 696 2322 recessum
716 2260 836 2335 luisse,
866 2279 956 2322 nemo
978 2261 1160 2336 mirabitur,
1187 2263 1314 2324 nomina
1333 2271 1401 2324 ete-

286 2348 350 2408 nim
371 2344 608 2406 (landitatorum
625 2345 707 2407 baud
720 2345 807 2406 luere
825 2344 961 2425 vulgata,
983 2346 1146 2426 provisum
1160 2355 1261 2409 tamar
1275 2347 1402 2409 totidem

287 2430 408 2512 legibus
429 2436 494 2491 tum
509 2429 651 2508 perlatis,
674 2437 707 2491 ut
724 2449 761 2491 ne
775 2429 874 2491 libera
888 2429 963 2492 baec
983 2431 1125 2493 decessio
1143 2451 1197 2494 seu
1219 2433 1402 2514 Regispro-

289 2515 435 2597 ponendi,
457 2535 514 2578 seu
530 2515 672 2576 statuum
693 2514 849 2596 deligendi
862 2511 930 2596 juri
954 2535 1088 2597 unquam
1105 2519 1268 2603 derogaret
1303 2515 1343 2602 s).

756 2701 763 2717 .
792 2650 878 2722 216.

487 2649 752 2846 Emenenonnd
765 2755 876 2862 bajus
902 2777 1119 2864 Dz'pm‘tata's.

310 2919 525 2992 Gravissima
543 2919 691 2991 Palatini
709 2919 845 3010 Officia,
865 2921 964 3010 cujus
984 2919 1135 3012 dignitas
1155 2921 1191 2992 iu
1208 2921 1399 3017 Hungaria,

207 3034 243 3096 et
270 3025 368 3119 ipsos
397 3021 485 3093 adeo
516 3020 656 3109 Duces,
701 3021 829 3116 quide
858 3021 971 3114 Regia
1000 3020 1144 3092 Familia
1177 3045 1249 3096 non
1286 3037 1400 3114 crant,

206 3122 443 3222 praecedebat
474 3124 522 3213 ⁸),
541 3126 688 3218 primum
706 3122 857 3195 Mathias
877 3120 1052 3195 Corvinus
1066 3129 1216 3197 maxima
1235 3129 1289 3201 sui
1302 3138 1403 3224 parte

208 3225 413 3322 descripsit,
461 3227 567 3318 inque
598 3224 765 3297 articulos
795 3224 944 3318 digessit
975 3224 1032 3314 ¹¹),
1067 3225 1238 3320 quaedam
1272 3228 1404 3300 tardius

209 3336 452 3401 accreverunt.
489 3325 776 3399 Locumtenentis
807 3327 912 3419 Regii
940 3329 1166 3422 praecipuum
1196 3340 1263 3418 est,
1291 3326 1404 3398 eidem

209 3433 262 3502 sic
281 3429 506 3522 colligatum,
543 3437 580 3498 ut
608 3427 905 3522 (quaeadmodum
933 3429 1025 3522 legis
1059 3430 1170 3500 verba
1198 3427 1347 3517 habent)
1375 3429 1405 3498 si

208 3531 344 3625 Regem
373 3539 474 3602 extra
496 3527 657 3622 Regnum
684 3552 793 3624 agere
822 3533 1016 3623 contingat,
1044 3529 1220 3601 Palatinus
1248 3551 1295 3602 ex
1322 3527 1406 3599 offi-

210 3635 266 3704 cio
288 3655 428 3727 semper
452 3630 711 3704 Locumtenens
736 3637 772 3705 in
796 3634 923 3728 Regno
943 3652 1026 3704 esse
1048 3627 1175 3700 debeat
1210 3628 1249 3720 ἰ).

239 3796 267 3926 dd
287 3797 366 3923 lddd.
384 3803 461 3924 d.³'-ss
480 3870 558 3926 rrae.
578 3874 622 3926 aa.

175 3963 177 3968 .
241 3939 266 4000 a)
286 3940 345 3991 Vid.
364 3943 470 3992 collect.
488 3944 607 3994 Fermul.
625 3943 809 4006 duriajurandi
829 3943 861 3995 ad
880 3943 946 3995 ealc.
965 3939 1046 4003 corp.
1064 3938 1141 3990 Juais
1160 3941 1249 4010 flung.
1267 3945 1297 3995 r.
1316 3945 1351 3996 ll.

241 4009 268 4071 ἃ)
288 4013 311 4061 Ε
331 4013 369 4062 Μ.
386 4013 435 4063 RS.
456 4013 663 4063 Rernideaianis
684 4015 754 4078 apud
773 4017 879 4065 Ratoua
897 4013 969 4063 litat.
986 4009 1046 4061 crit.
1066 4009 1096 4059 Τ.
1114 4013 1174 4065 ΧΙΙ.
1193 4027 1219 4080 p.
1238 4013 1409 4078 7819111011.

242 4080 269 4146 e)
288 4083 311 4132 Ε
331 4081 522 4135 00111188.
541 4083 690 4135 Gardlaalla
709 4085 742 4134 da
759 4084 892 4149 Batttryan
909 4085 976 4144 Reg.
995 4079 1106 4131 Primat„
1129 4107 1132 4117 ι

241 4149 272 4212 f)
290 4153 353 4203 vm.
370 4155 445 4203 Diar.
464 4154 559 4207 Gemit.
579 4153 774 4209 areo-1791.
794 4155 870 4206 1796.
890 4158 919 4204 et
937 4148 1014 4202 1818.
1032 4163 1064 4200 ao
1082 4150 1144 4205 ibid.
1163 4153 1241 4204 cond.
1259 4157 1310 4206 art.

242 4226 272 4287 s)
290 4224 398 4273 Doceat
424 4223 449 4273 ld
475 4225 562 4275 couci.
588 4222 685 4276 Gemit.
714 4227 745 4274 Λ.
773 4219 999 4277 1135.-1195.
1028 4219 1104 4276 (loni.
1133 4224 1260 4291 Saogedy
1277 4226 1304 4275 tn
1323 4220 1409 4275 Rubr.

291 4294 351 4344 tur.
369 4295 458 4358 flung.
476 4297 507 4345 P.
526 4295 547 4346 l.
568 4307 592 4358 p.
613 4295 673 4345 106.

244 4357 274 4424 h)
291 4363 354 4414 th.
374 4369 425 4415 art.
444 4365 476 4414 de
496 4363 548 4415 eff.
567 4364 655 4417 Patet.
674 4367 706 4418 Α.
725 4358 805 4416 1185.
823 4373 909 4427 supra
926 4367 1070 4414 memorat.

135 4443 141 4451 ·
247 4431 275 4498 ί)
300 4433 350 4484 cit
367 4433 433 4486 Dae.
449 4439 501 4489 art.
520 4434 562 4488 10.
1133 4461 1136 4472 ·
