3142 4862
181 203 206 275 8

185 361 351 438 ostendit.
379 359 551 456 Equidem
577 379 651 429 uon
677 360 709 429 is
736 377 835 446 sum,
864 357 923 451 qui
958 355 1027 429 nisi
1054 353 1227 428 eruditum
1260 356 1381 429 utilem

183 467 322 539 Patriae
342 465 457 536 civem
484 460 606 533 haberi
633 479 742 555 posse
772 463 948 531 neminem
966 461 1188 548 existimem3
1216 462 1246 532 si
1264 469 1382 533 tamen

182 606 234 622 -
270 563 365 661 quod
390 567 551 658 graviter
586 560 752 634 monebat
785 561 919 634 Tullius
946 599 998 614 -
1032 560 1086 632 ad
1114 561 1382 634 consilium

183 671 237 741 de
265 666 525 760 republica
559 663 775 752 dandum,
803 673 942 758 caput
968 672 1045 736 est
1076 683 1226 735 nosse
1264 687 1382 734 rem-

91 831 96 842 .
184 769 442 866 publicam;
469 771 696 862 praecipuam
714 785 803 854 eos,
832 768 891 859 qui
919 767 962 837 de
982 764 1122 854 salute,
1151 785 1193 836 ac
1212 764 1382 838 felicitate

189 872 363 944 communi
400 874 437 941 in
463 868 611 963 publicis
641 867 838 940 deliberant
866 869 1121 957 conuentibus,
1157 867 1217 940 vel
1243 867 1383 963 publica

189 973 320 1046 obeunt
347 975 482 1061 munia,
511 993 629 1042 curam
657 992 824 1060 manere,
853 981 890 1042 ut
918 973 1065 1064 egregia
1094 970 1234 1041 illorum
1253 975 1384 1063 cogni-

189 1079 286 1148 tione
306 1079 375 1146 sint
403 1074 547 1164 exculti,
580 1095 670 1167 quae
695 1095 825 1165 regere
853 1077 1032 1145 civitatem
1050 1072 1208 1146 consiliis
1226 1113 1277 1127 --
1297 1071 1384 1146 iun-

160 1192 166 1200 ·
188 1177 273 1252 dare
291 1177 429 1272 legibus
451 1216 503 1232 --
530 1176 718 1248 emendare
736 1174 882 1250 ludiciis
902 1176 1042 1248 docent.

713 1382 749 1470 §.
777 1380 868 1453 XlV.

437 1537 662 1626 Dsffcrcntia
689 1553 713 1603 o
740 1536 917 1605 Setantioi
944 1533 1130 1624 affinibus.

288 1681 517 1776 Perspicuum
544 1676 582 1750 lit
607 1701 678 1752 non
703 1661 816 1751 minus
847 1679 924 1751 Jus
948 1679 1185 1774 publicum
1209 1681 1384 1754 Politi-

188 1805 298 1872 cam,
333 1784 660 1872 stauistieam,
694 1786 778 1854 item
804 1783 1051 1874 Potitium,
1086 1791 1190 1878 atque
1219 1783 1383 1856 Histo-

187 1884 471 1959 riamStatus
499 1871 672 1978 publici
700 1886 1048 1979 pragmaticam,
1079 1888 1238 1980 quamvis
1259 1888 1383 1958 scien-

186 1991 257 2060 tiae
295 1986 418 2060 affines
454 1989 536 2074 sint,
565 1995 600 2058 et
635 1989 728 2057 inter
766 2008 806 2058 se
843 1989 1030 2076 conjurent
1071 1990 1195 2079 amice,
1224 1997 1383 2083 spectata

189 2093 345 2163 essentia
381 2088 605 2161 nibilominus
634 2089 675 2160 ab
714 2109 754 2160 se
794 2092 946 2163 invicem
986 2090 1201 2185 discrepare.
1247 2091 1384 2162 Poli-

186 2195 289 2264 tica
318 2196 470 2287 quippe,
499 2213 601 2283 quam
627 2190 686 2259 alii
712 2192 932 2284 prudentiam
965 2193 1127 2282 civilem,
1165 2196 1298 2264 rectius
1325 2193 1383 2264 alii

187 2295 371 2367 scientiam
389 2292 577 2386 Imperium
597 2290 859 2364 administrandi
878 2292 1008 2380 dicunt,
1035 2297 1071 2363 in
1102 2305 1178 2366 arte
1206 2297 1382 2384 consistit,

188 2397 368 2490 aptissima
404 2391 447 2462 ad
485 2391 749 2484 gubernandum
783 2394 898 2466 media
933 2393 1132 2488 deligendi,
1172 2400 1286 2490 iisque
1316 2418 1381 2491 pro

188 2495 430 2586 adjunctorum
458 2497 597 2565 ratione
627 2494 670 2565 ad
695 2496 972 2589 promovendam
1000 2498 1147 2569 salutem
1167 2519 1382 2570 communem

188 2597 332 2685 utendi,
361 2596 465 2668 tradit
491 2597 598 2688 igitur
627 2618 690 2686 ca,
719 2621 808 2691 quae
839 2602 944 2670 statui
970 2599 1068 2671 utilia
1095 2609 1197 2688 sunt,
1227 2622 1267 2670 nc
1291 2621 1382 2694 pro-

186 2699 288 2771 licua.
326 2698 483 2772 Scientia
520 2697 734 2771 Politiao
770 2701 813 2772 de
844 2700 1063 2773 adminiculis
1094 2703 1167 2794 agit
1194 2701 1380 2796 publicam,

186 2803 430 2897 privatamque
466 2803 690 2874 securitatem
721 2802 944 2891 stabiliendi,
982 2825 1023 2874 ac
1053 2802 1299 2875 conservandi.
1331 2842 1383 2856 -

188 2906 212 2977 S
227 2905 458 2975 tatistica
475 2905 634 2973 notitiam
651 2897 767 2996 Regni
785 2905 1087 2999 geographicam,
1115 2928 1183 2978 nec
1201 2929 1273 2978 non
1290 2928 1381 3001 pro-

189 3006 371 3077 ductorum
400 3015 570 3094 naturae,
598 3015 634 3076 et
661 3009 767 3092 artis,
796 3017 867 3078 tum
895 3030 1100 3096 numerum,
1130 3017 1234 3102 atque
1262 3011 1381 3081 varias

186 3107 381 3179 incolarum
410 3102 546 3177 classes
570 3117 780 3201 percenset;
807 3113 905 3181 vires
934 3108 1127 3204 physicas,
1164 3119 1200 3179 et
1227 3109 1381 3182 morales

187 3208 353 3296 exbibet3
397 3229 555 3279 normam
587 3211 641 3280 roi
681 3219 750 3280 tam
787 3210 1080 3301 ecclesiasticae,
1125 3233 1227 3306 quam
1267 3212 1381 3283 civilis

187 3315 358 3404 exponit,
388 3331 496 3402 quare
526 3311 706 3405 complura
732 3313 844 3406 ipsius
874 3334 1014 3406 quoque
1043 3313 1137 3386 Juris
1166 3313 1296 3408 publici
1317 3335 1382 3384 rc-

186 3411 314 3484 sultata
352 3431 416 3482 suo
454 3409 584 3494 ambitu
614 3413 858 3508 complectitur
888 3416 933 3505 ⁸).
983 3415 1212 3489 Historia
1241 3416 1383 3488 deni-

185 3536 273 3609 que
307 3521 468 3586 status
505 3518 800 3610 pragmatica
836 3529 1020 3610 ennarrat,
1061 3541 1150 3613 quae
1184 3521 1221 3589 in
1256 3517 1382 3590 eodem

184 3613 424 3688 memorabilia
464 3627 684 3707 evenerunt,
720 3617 844 3690 horum
883 3622 967 3691 item
1006 3622 1200 3714 originem,
1241 3642 1380 3712 causas,

37 3706 40 3712 ’
145 3811 147 3814 ¹
186 3718 332 3788 effectus
372 3717 514 3810 pandit,
554 3719 637 3812 quin
663 3719 768 3809 jure,
815 3724 1023 3814 aninjuria
1061 3721 1276 3814 acciderint,
1314 3725 1383 3795 de-

185 3817 440 3889 terminandum
468 3817 605 3890 habeat.
647 3861 698 3874 —-
723 3822 772 3893 At
799 3819 893 3892 Juris
921 3821 1054 3918 publici
1090 3823 1248 3896 doctrina
1279 3830 1381 3899 unius

186 3921 357 4010 cujusque
384 3923 501 4011 gentis
532 3945 604 3994 non
641 3922 744 4018 quale
774 3934 930 4018 systema
958 3924 1073 4018 Regni
1103 3949 1185 4001 esse
1222 3925 1381 4018 deberet,

187 4020 251 4092 sed
289 4020 391 4113 quale
426 4043 555 4117 reapse
591 4025 773 4116 subsistit,
811 4025 961 4100 fideliter
999 4030 1158 4120 evolvit,
1197 4030 1382 4125 rigideque
1493 4035 1496 4040 '

184 4128 430 4216 persequitur,
460 4128 617 4200 eruendo
637 4130 800 4221 genuinis
830 4126 1025 4204 olentibus
1043 4129 1102 4203 illa
1132 4134 1261 4223 omnia,
1290 4154 1387 4228 quae·

183 4266 395 4282 -ῌ

214 4339 239 4405 ¹¹)
258 4341 301 4391 De
318 4317 435 4394 Oratore
454 4323 511 4395 bib.
528 4346 553 4396 2.
