3142 4862
1308 224 1364 298 371

244 387 416 471 Bobemiae
431 387 514 470 Roga
538 385 713 463 conclusae,
734 384 846 467 quibus
867 383 947 449 alter
968 383 1192 464 paciscentium
1219 388 1355 470 Stepha-

244 493 304 538 nus
320 473 375 534 Vn·
405 473 620 551 „includentes
642 472 799 553 -inquit
816 472 913 534 eidem
934 471 1015 553 paci,
1037 479 1067 532 et
1084 475 1187 535 eadem
1204 473 1356 538 vallantes

245 560 373 640 „Regna
395 568 521 636 nostra,
553 556 697 622 videlicet
726 557 919 638 Ungariam,
947 555 1154 636 Dalmatiam,
1186 558 1355 638 Oroatiam,

245 646 406 723 „Romam
429 646 581 720 Samiam,
605 643 766 720 Galicism,
789 642 1020 718 Lodomeriam‚
1044 640 1248 722 Comaniam,
1271 645 1352 707 Bul-

244 732 396 812 ‚,geriam,
418 740 576 810 totumque
593 731 737 792 ducatum
753 727 947 806 sclavoniae,
970 747 1038 790 cum
1059 731 1203 792 omnibus
1217 731 1357 793 attinen-

245 818 320 895 „tiis
344 819 521 894 earundem,
556 817 725 898 secundum
748 815 849 894 signa,
872 814 1101 892 distinctiones,
1123 825 1153 876 et
1175 826 1273 880 metas
1295 837 1357 878 an-

244 905 381 981 „tiquas,
397 911 493 983 prout
507 901 599 964 etiam
613 901 831 981 progenitores
847 901 948 964 nostri
959 924 967 974 3
980 908 1011 961 et
1022 908 1238 964 antecessores
1254 903 1356 984 Reges
1386 941 1388 944 -

244 988 448 1070 „Huagariae
467 1005 565 1068 usque
585 995 707 1068 tempus
734 987 816 1049 vitae
832 987 962 1049 Domini
978 985 1081 1063 Relae,
1102 986 1259 1068 gloriosae
1286 1009 1355 1048 rne-

245 1077 383 1154 „moriae
404 1075 508 1138 Patris
534 1074 652 1152 nostri,
677 1075 905 1154 possederunt,
928 1080 959 1134 et
979 1077 1176 1138 tenuerunt.“
1199 1073 1257 1138 Est
1281 1094 1356 1135 vero

244 1163 486 1224 instrumentum
523 1160 608 1220 istud
638 1179 674 1222 eo
707 1157 838 1240 majoris
869 1159 1157 1235 considerationis,
1191 1161 1355 1240 pretiique,

246 1251 326 1328 quod
340 1246 417 1330 jura
432 1246 575 1310 Coronae
597 1252 724 1307 nostrae
752 1244 808 1306 illc
831 1252 969 1324 tempore
992 1264 1049 1323 per
1071 1263 1178 1306 omnes
1203 1245 1278 1322 lere,
1303 1248 1356 1326 qui

244 1334 278 1396 in
318 1333 374 1394 lnac
413 1331 625 1412 pacificatione
660 1341 767 1408 partes
801 1340 966 1410 ceperant,
1003 1329 1188 1409 Europaeos
1226 1331 1355 1392 Princi-

244 1437 300 1500 pes
330 1438 393 1480 non
425 1419 458 1480 in
483 1416 623 1478 Serviam
654 1423 790 1489 tantum,
821 1418 876 1476 sed
909 1416 941 1475 in
977 1414 1113 1494 reliquas
1148 1417 1239 1476 etism
1274 1436 1355 1477 enu-

245 1513 378 1568 meratas
394 1505 530 1566 ditiones
551 1509 691 1582 patenter
709 1501 816 1581 agnita
830 1500 930 1562 luisse
956 1503 1111 1562 ostendat.
1140 1500 1203 1562 Nec
1225 1502 1356 1563 minoris

245 1591 339 1672 pretii
359 1598 432 1652 sunt
453 1589 645 1669 adesignato
662 1594 789 1648 -nota
805 1587 1003 1666 praecedenti
1019 1588 1207 1648 -Auctore
1229 1588 1261 1670 ⁸)
1275 1607 1355 1666 pro-

244 1678 324 1739 latae
349 1677 469 1738 litterae
496 1674 698 1750 concordiae,
723 1691 812 1753 quam
839 1675 882 1736 Αο
922 1669 1015 1736 1426.
1046 1672 1267 1752 sigismundus
1290 1674 1356 1735 Rex

242 1763 425 1841 Hungariae
445 1779 512 1822 cum
526 1759 691 1838 ,Stephano
712 1759 900 1822 Lazorcvics
917 1759 1049 1820 Rosciae
1068 1759 1208 1838 Despota
1231 1760 1355 1825 inierat.

244 1847 437 1910 Confirmant
451 1847 531 1905 istae
551 1846 656 1906 verbis
676 1845 801 1905 omnino
816 1844 1011 1920 manifestis,
1035 1863 1111 1922 quae
1137 1848 1174 1906 de
1192 1845 1355 1924 Principi-

241 1933 312 2006 bus,
332 1932 420 1992 illinc
434 1948 491 2008 per
505 1929 606 2006 Reges
628 1929 808 2006 Hangoriae
825 1931 1015 2000 constitutis,
1041 1932 1077 1990 de
1095 1929 1242 1992 fidelitate
1256 1932 1357 2011 Regni

244 2016 388 2077 Coronae
405 2013 518 2087 debito,
541 2014 578 2071 de
598 2012 788 2091 obligatione
808 2014 907 2090 copiis
932 2015 1028 2087 banc,
1052 2023 1143 2091 atque
1159 2016 1244 2078 illam
1258 2016 1356 2099 adju-

243 2099 347 2174 vandi,
371 2098 405 2159 in
429 2097 648 2175 superioribus
671 2095 879 2156 asseruimus.
914 2094 997 2176 (17)
1025 2131 1060 2140 -
1085 2098 1178 2174 Huc,
1208 2105 1355 2178 quoniam

243 2183 433 2266 prolixiores
447 2190 531 2258 sunt,
548 2181 671 2244 initium
691 2181 864 2242 exscribere
879 2188 928 2242 sot
943 2179 1057 2242 luerit:
1073 2182 1160 2256 „Nos
1174 2184 1357 2263 sigismun-

243 2273 324 2348 „dus
350 2278 407 2331 etc.
442 2268 608 2328 memoriae
640 2267 908 2331 commendamus:
939 2275 995 2328 ete.
1028 2265 1117 2338 Quod
1148 2269 1219 2348 quio
1253 2269 1354 2331 fidelis

243 2364 372 2432 ‚,noster
389 2353 526 2416 illustris
553 2353 728 2431 Stephanus
755 2353 915 2432 Despotus
943 2351 1074 2414 Rosciae
1104 2373 1185 2432 pru
1198 2356 1216 2415 d
1229 2375 1244 2416 e
1257 2377 1276 2416 n
1290 2364 1302 2417 t
1314 2375 1329 2416 e
1341 2375 1358 2416 r

243 2440 499 2519 „attendenS,
524 2447 560 2500 ct
583 2439 621 2500 in
645 2439 730 2501 acie
753 2439 1109 2501 considerationis
1130 2439 1349 2520 diligenter

242 2526 496 2604 „revolvens,
519 2525 837 2605 ipsumRegnum
861 2525 1042 2599 Rosciae,
1065 2543 1146 2586 cnm
1169 2528 1356 2588 omnibus

241 2611 450 2696 ‚,juribus,
484 2615 518 2670 et
548 2611 831 2688 pertinentiis
867 2612 956 2672 suis
984 2611 1122 2686 nobis,
1160 2629 1202 2672 ac
1236 2631 1356 2674 sacro

241 2705 409 2776 „nostro
433 2695 671 2772 diademati,
701 2715 744 2756 ac
774 2697 888 2757 dicta
911 2696 1044 2775 Regno
1078 2704 1221 2758 nostro
1243 2697 1355 2775 Hun-,

241 2784 403 2864 „gardae
422 2781 701 2859 semper,etab
718 2781 885 2860 antiquo
906 2777 1134 2862 subjectum
1156 2781 1301 2860 luisse,
1320 2792 1357 2846 et

240 2887 362 2946 „esse,
384 2886 424 2928 ac
445 2868 491 2927 ad
511 2864 590 2948 jus,
611 2875 645 2928 et
664 2867 955 2945 proprietatem
978 2867 1356 2952 nostraelllajesta-

241 2955 340 3030 ,‚tis‚
373 2970 597 3031 sacraeque
628 2951 827 3028 Coronae,
861 2971 905 3013 aa
928 2951 1029 3013 dicti
1055 2953 1183 3032 Regni
1221 2955 1357 3016 nostri

241 3038 494 3119 „Hungsrioe
525 3055 698 3117 semper,
721 3046 756 3100 et
778 3039 823 3098 ab
847 3038 1035 3117 antiquo,
1058 3044 1094 3098 et
1115 3023 1262 3119 Regum
1285 3060 1367 3109 no-,

242 3132 441 3202 „atrorum
473 3140 787 3202 praecessorum
817 3123 934 3185 nullo
966 3123 1094 3184 medio
1127 3132 1356 3202 spectasse,

162 3264 167 3273 ,
241 3218 302 3288 „et
324 3209 601 3288 pertinuisse,
624 3228 660 3269 ac
683 3217 834 3290 spectare,
857 3217 887 3271 et
909 3207 1065 3288 pertinere
1089 3208 1182 3269 otiam
1203 3211 1240 3269 do
1259 3229 1356 3288 prae-

242 3295 362 3372 „senti3
386 3312 421 3353 ac
443 3291 628 3371 cupiens,
651 3303 692 3357 ut
715 3295 850 3373 ipsum
881 3295 1053 3374 Regnum
1075 3293 1250 3357 Rosciae
1273 3303 1355 3358 tem-

242 3398 374 3460 „porum
397 3377 431 3437 in
453 3396 606 3456 processu
636 3381 682 3438 ad
705 3399 843 3442 manus
873 3400 950 3442 non
974 3381 1161 3442 deveniat
1185 3381 1357 3458 alienas,
1409 3417 1411 3422 ·

243 3483 337 3545 „per
359 3462 593 3537 universoS,
617 3469 654 3521 et
677 3464 887 3540 quoslibet
911 3483 1009 3525 suos
1032 3466 1208 3526 Berones
1228 3466 1356 3550 Majo-

243 3549 371 3626 „stati
393 3547 582 3620 Nostrae,
604 3563 675 3607 nec
699 3565 775 3606 non
797 3546 1018 3620 Praelotis,
1042 3549 1294 3624 Beronibus,
1317 3559 1357 3612 et

243 3633 513 3713 „Proceribus
544 3631 683 3711 ipsius
719 3631 846 3712 Regni
875 3631 1013 3692 nostri
1044 3630 1285 3713 Hungariac
1309 3637 1356 3696 de

243 3720 501 3797 „lidclitate,
532 3726 567 3780 et
590 3716 831 3780 obedientia
858 3717 1007 3793 Nobis,
1038 3724 1075 3778 et
1104 3718 1252 3780 Sacrae
1278 3718 1357 3782 No·

244 3813 376 3884 „strae
401 3802 599 3878 Coronae,
622 3803 1027 3882 successoribusque
1050 3805 1208 3866 nostris
1233 3806 1355 3886 Rogi-

242 3891 337 3968 „bus
360 3888 614 3969 Hungariae,
644 3909 715 3950 nec
748 3908 824 3951 non
846 3888 1079 3966 Praelatio,
1102 3889 1356 3968 BeronibuS,

243 3983 301 4052 „et
322 3975 572 4037 Proceribus
594 3973 723 4055 Regni
746 3973 883 4037 nostri
905 3975 1146 4054 praedictis,
1169 3982 1205 4035 et
1227 3975 1354 4038 eidem

243 4063 392 4142 „Regno
414 4067 556 4121 nostro
579 4078 650 4139 per
671 4061 787 4140 ipsos
811 4061 851 4124 in
873 4068 1111 4140 perpetuum
1132 4059 1354 4128 observan-
1448 4084 1450 4088 ·

244 4149 351 4224 „dum
390 4142 664 4229 juramentum
706 4153 926 4225 praestare
966 4145 1071 4210 feeit
1104 4143 1283 4224 fidelitatis,
1323 4154 1354 4212 et

188 4385 216 4456 ⁸)
235 4389 324 4461 Eunai
341 4383 425 4450 ctrs.
440 4389 681 4465 sancrosancta.
694 4395 738 4453 alt
754 4395 786 4453 Ρ.
800 4395 848 4450 111.
860 4409 886 4464 p.
901 4393 961 4452 370,
981 4399 1008 4450 et
1026 4403 1085 4463 serp
