3122 4852
1300 174 1369 302 rot

174 374 256 426 num
266 351 401 447 Regiae
412 353 609 449 blajestatis
622 352 773 446 degentiw
784 364 997 432 testamento
1016 357 1218 452 relinquere
1235 377 1345 454 pesse
1356 383 1374 450 ς,

174 455 345 528 medietas
374 467 490 531 tamen
522 458 633 531 altera
667 477 808 553 semper
837 460 881 532 ad
907 459 1050 532 fundum
1068 458 1377 552 Ecclesiastieum,

175 580 277 652 quem
285 558 649 657 Arcbiepiscopalem,
662 570 697 630 et
714 560 929 660 clericalem,
941 562 1001 639 vel
1013 566 1244 638 communiter
1263 568 1382 638 etiam.

122 659 395 774 nRationalem
414 674 570 754 vocant,
534 661 800 738 tdevolvitur
830 667 876 758 ⁰.)

645 909 806 996 capris
828 911 889 981 X·

149 1044 226 1150 lte
251 1043 350 1130 ture
389 1046 545 1152 Regum
579 1043 810 1167 ttupgrriee
836 1043 872 1128 lu
898 1041 1207 1148 Educatlouen,
1234 1045 1276 1130 et
1301 1047 1366 1128 lu-

393 1225 396 1232 .
481 1146 767 1232 stitutionem
792 1145 1041 1234 lurcututrs

692 1300 730 1386 §.
758 1303 844 1376 489

549 1451 736 1542 Emporia
762 1453 985 1522 Lz'tterarr‘a.

272 1599 398 1686 Quanti
415 1601 451 1670 in
469 1597 663 1694 Republica
681 1602 849 1672 momenti
869 1601 915 1671 sit
932 1607 1031 1670 recta
1064 1596 1240 1688 educatio,
1261 1609 1365 1693 atque

145 1700 345 1774 ¹Institutio
372 1701 597 1790 luventatis,
633 1713 762 1796 quanta
791 1723 878 1795 ergo
913 1701 1149 1773 sollicitudine
1184 1710 1367 1795 utramque

169 1804 342 1897 Regimen
361 1824 560 1899 supremum
578 1805 765 1898 complecti
786 1813 974 1899 oporteat,
995 1829 1015 1876 a
1034 1807 1176 1877 summis
1197 1813 1367 1876 caetero-

170 1910 254 1999 quin
270 1908 359 1978 viris
380 1925 510 1998 saepe,
539 1927 581 1974 uc
600 1904 787 1997 diligenter
813 1906 1043 1994 inculcatum,
1060 1907 1203 1999 jamque
1223 1928 1242 1974 a
1260 1906 1364 1976 nobis

169 2010 257 2101 ipsis
285 2015 593 2077 commemoratum
619 2004 695 2075 fuit.
741 2005 852 2076 Unam
880 2005 971 2076 banc
997 2029 1017 2078 e
1042 2008 1244 2102 praecipuis
1272 2009 1363 2100 regii

169 2110 325 2180 muneris
351 2108 444 2178 curis
467 2107 589 2198 Reges
620 2125 761 2201 queque
789 2107 991 2199 Huugariae
1018 2129 1064 2178 ne
1091 2110 1128 2179 in
1161 2107 1362 2202 primordiis

171 2209 310 2304 quidem
337 2207 587 2298 Monarcbiee,
616 2218 780 2302 quantum
808 2207 844 2278 id
870 2211 950 2282 aevi
979 2206 1166 2299 adjuncta,
1203 2216 1239 2280 et
1275 2208 1367 2279 bella

169 2315 355 2402 continua,
391 2309 691 2406 barbarorumque
718 2312 941 2384 incursiones
971 2311 1216 2400 admitterent,
1242 2309 1365 2405 negli-

169 2414 320 2510 gebant3
348 2414 604 2498 faventioribus
625 2423 740 2486 eutem
759 2414 976 2510 temporibus
996 2422 1093 2486 tanto
1115 2413 1252 2503 studio,
1271 2407 1373 2484 tam-³

170 2539 238 2611 que
256 2517 395 2589 liberali
414 2539 518 2587 manu
536 2516 861 2613 prosequebantur,
889 2525 927 2588 ut
946 2519 1059 2590 omnis
1077 2519 1114 2589 in
1130 2516 1270 2603 litteris,
1301 2537 1365 2586 ar-

170 2619 285 2706 tibus,
323 2639 365 2690 ac
392 2621 551 2690 scientiis
580 2622 776 2707 institutio,
823 2639 926 2712 quam
958 2619 1120 2713 Regnum
1146 2617 1266 2690 babuit
1294 2618 1365 2689 ali-

170 2719 330 2825 quando,
357 2719 556 2815 habetque,
584 2720 627 2792 ab
658 2730 809 2814 augusto
838 2743 961 2794 eorum
989 2723 1210 2816 patrocinio:
1238 2741 1364 2814 magna

169 2826 224 2897 sui
240 2832 341 2918 parte
360 2822 402 2896 eb
423 2823 616 2897 eorundem
633 2823 799 2918 largitate
817 2827 1071 2918 precesserint.

692 3043 729 3128 §.
758 3045 844 3116 490.

529 3192 616 3263 dom
643 3190 749 3263 debus
774 3193 997 3284 Stephanus.

269 3337 396 3411 Divum
424 3338 662 3433 Stephanum,
699 3361 802 3433 quem
829 3361 896 3435 pro
924 3361 1068 3431 summa,
1098 3363 1165 3436 qua
1195 3341 1365 3438 pollebat,

167 3440 315 3532 regendi
334 3449 409 3512 arte
421 3439 533 3510 latere
545 3440 724 3533 nequibat,
751 3442 884 3512 nullum
902 3443 1101 3540 Imperium,
1128 3444 1259 3515 nullam
1288 3448 1365 3518 sine

167 3544 311 3632 virtute,
349 3551 384 3612 et
403 3563 493 3636 quae
511 3543 653 3616 virtutis
673 3545 802 3636 optima
820 3545 988 3634 magistra
1012 3553 1079 3632 est,
1097 3544 1286 3637 religione,
1307 3552 1364 3618 ci-

167 3646 313 3716 vitatem
328 3643 466 3716 beatam
495 3646 709 3738 persistere:
747 3667 819 3716 non
840 3647 917 3716 sine
947 3644 1078 3718 artibus
1103 3645 1231 3735 ubam,
1260 3657 1365 3742 atque

168 3748 326 3819 scientiis
345 3743 475 3819 llorere
499 3766 651 3839 unquam
681 3765 812 3840 posse;
839 3745 954 3818 Albae
981 3747 1117 3840 Regiae
1146 3747 1300 3838 scholas,
1328 3761 1368 3822 ut

166 3852 263 3921 vitae
284 3846 321 3920 S.
344 3845 491 3920 Gerardi
510 3850 663 3942 scriptor
686 3850 862 3942 exprimit,
875 3846 1030 3921 famosas
1050 3855 1199 3945 aperuit,
1225 3851 1364 3946 hocque

169 3948 366 4045 exemplum
395 3950 612 4022 assentiente
640 3949 755 4042 Rege,
784 3949 889 4023 modo
907 3949 1015 4024 fatum
1031 3951 1246 4047 Episcopum
1271 3951 1364 4026 Osa-

167 4049 285 4122 nadini
302 4055 504 4124 immitatum
523 4048 648 4142 fuisse,
675 4050 768 4124 idem
786 4051 1007 4149 Biegraphus
1026 4052 1158 4128 diserte
1176 4057 1288 4128 innuit
1317 4051 1362 4158 bp.
1406 4148 1410 4154 θ

196 4265 223 4331 ·)
241 4268 325 4319 Juxta
344 4268 421 4320 eard.
441 4267 563 4322 ordinat.
797 4337 798 4344 ἵ

195 4351 226 4420 l)
243 4354 370 4422 Regenda
387 4355 475 4421 ιιιιιοι·
493 4355 523 4408 Β.
542 4353 658 4410 (ierardl
676 4368 703 4424 p.
721 4353 783 4412 330.
803 4361 908 4425 etseq.
