3138 4858
677 430 713 520 ς.
742 432 827 508 382.

527 581 575 652 II.
605 581 723 654 Scuto
749 580 976 671 Regnorum.

262 722 363 809 Quod
381 722 425 796 de
451 725 576 798 Titulis
602 725 848 822 Imperantium
869 728 913 798 ad
930 725 1151 799 indicandam
1177 725 1353 817 blajesta-

158 831 251 912 tem,
280 835 315 896 et
346 825 409 899 Jus
435 828 472 899 in
499 828 681 920 Regiones
708 837 808 917 actu,
846 828 908 902 vel
935 828 1120 923 aliquando
1147 849 1352 924 possessas,

132 924 262 1018 paulo
299 937 380 999 ante
416 933 643 1003 notavimus:
682 930 775 1001 idem
799 930 862 1001 de
899 929 1016 1005 Scutis
1060 930 1250 1002 tenendum
1285 940 1353 1017 est,

159 1049 248 1124 quae
275 1028 374 1101 velut
407 1026 564 1126 lnsignia
592 1031 707 1126 Regni
747 1052 855 1105 sensu
891 1034 1060 1104 strictiori
1094 1041 1264 1127 accepta,
1301 1039 1355 1102 tot

157 1127 276 1201 itidem
315 1137 531 1206 constituunt
568 1133 766 1206 authentica
808 1133 1038 1222 documenta,
1076 1133 1120 1204 ad
1156 1154 1354 1228 supremam

159 1235 424 1326 auctoritatem,
463 1245 498 1308 et
526 1236 679 1309 virtuale
718 1236 820 1310 simul
857 1236 1066 1326 dominium,
1098 1244 1142 1330 ¹ut
1169 1258 1247 1308 cum
1281 1256 1353 1306 nn-

158 1337 240 1406 stris
275 1334 534 1412 iureconsultis
571 1340 725 1433 loquar,
763 1343 799 1410 in
839 1339 981 1412 avidsas
1018 1359 1158 1432 quoque
1194 1338 1352 1409 Provin-

156 1437 229 1508 cias
264 1440 495 1511 retinendum.
540 1438 728 1515 Scutorum
761 1441 960 1534 originem,
988 1460 1153 1511 necnon
1180 1440 1350 1510 mutatio-

154 1560 254 1629 nem,
284 1563 385 1634 quam
402 1551 529 1638 postea
548 1541 641 1614 forte
661 1542 863 1632 subierunt,
882 1542 1058 1639 prolixius
1078 1541 1268 1629 discutere,
1288 1542 1349 1611 in-

155 1639 268 1735 deque
295 1647 415 1716 varias
444 1649 625 1741 utriusque
654 1643 765 1738 figere
783 1645 978 1732 Periodos,
1007 1654 1117 1715 artem
1135 1641 1349 1714 heraldicam

154 1764 200 1814 ex
216 1743 383 1837 professo
402 1751 569 1841 respicit3
599 1770 666 1819 nec
692 1756 809 1818 tamen
837 1767 1140 1843 supervacaneum
1168 1746 1348 1834 existimo,

82 1925 94 1939 Ι
150 1849 298 1956 propria
327 1849 620 1938 uniuscujuslibet
646 1848 882 1939 Provinciae,
912 1849 954 1920 ad
982 1845 1158 1919 Coronam
1176 1846 1350 1942 hungari-

148 1964 228 2018 cam
245 1949 482 2042 pertinentis,
509 1949 665 2041 Insignia
683 1947 894 2022 brevissime
914 1949 1018 2021 isthic
1038 1947 1252 2024 describere.

676 2151 712 2238 §.
743 2151 827 2223 333.

247 2301 487 2391 Hesperiae,
518 2301 717 2384 Crocn'ae,
744 2297 980 2383 Dalmatiae,
1007 2297 1244 2372 sclavoniae.

251 2445 429 2541 Hungaria
449 2445 592 2520 exhibet
612 2445 755 2522 Scutum
772 2447 1090 2544 perpendiculare,
1118 2447 1155 2518 in
1174 2445 1259 2519 duas
1277 2442 1344 2517 ru-

147 2547 228 2620 bras
249 2547 398 2621 divisum
416 2571 539 2640 areas,
567 2554 604 2622 in
623 2574 768 2647 quarum
793 2555 935 2623 sinistra
956 2560 1035 2623 sunt
1054 2549 1188 2622 fasciae
1208 2571 1345 2643 argen-

146 2661 227 2722 teae
246 2661 417 2744 quatuor,
446 2654 482 2722 in
511 2651 635 2724 dextra
660 2676 750 2724 uero
769 2661 843 2724 tres
863 2661 1002 2725 montes
1026 2651 1183 2741 virides,
1220 2650 1344 2744 quibus

148 2775 194 2824 ex
212 2775 319 2823 aurea
338 2750 478 2825 Corona
497 2754 636 2847 vulgari
656 2775 843 2846 emergens
864 2765 1034 2847 argentea
1055 2751 1150 2826 Crux
1169 2751 1342 2848 duplicata

145 2855 276 2926 insistit
305 2852 359 2944 *).
399 2852 540 2927 Oroatia
571 2857 751 2928 'lessellas
780 2865 950 2949 argento,
989 2865 1025 2927 et
1053 2858 1160 2927 minio
1192 2861 1344 2943 tinetas3

144 2955 315 3026 Dalmatia
333 2955 369 3027 in
389 2953 523 3052 clypeo
558 2957 723 3029 caeruleo
744 2967 913 3029 coronata
945 2958 1012 3028 tria
1031 2958 1206 3054 Leopardi
1225 2959 1340 3051 capita

142 3080 260 3129 aurea.
290 3058 329 3130 ln
348 3058 561 3132 sclavoniae
581 3059 714 3150 Scuto,
743 3060 837 3154 quod
856 3063 986 3152 gemini
1017 3055 1139 3148 fluvii,
1168 3057 1343 3129 horinon-

141 3159 259 3232 talitcr
289 3161 403 3250 ducti,
430 3163 466 3233 in
493 3171 566 3233 tres
595 3177 697 3233 areas
723 3161 905 3251 dividunt,
935 3181 1067 3234 summa
1100 3182 1183 3231 area
1214 3162 1337 3253 inqua

90 3345 92 3349 ,
142 3262 243 3334 stella
262 3260 397 3354 fulget,
425 3285 467 3332 ac
485 3263 601 3335 infima
620 3265 785 3336 caerulea
810 3272 889 3351 est;
917 3261 1066 3334 mediam
1095 3271 1211 3332 autem
1231 3261 1337 3332 cclc-

140 3365 189 3434 ris
219 3364 370 3453 viridis,
393 3360 589 3437 fluminibus
614 3368 871 3460 interceptam,
898 3374 1029 3436 martes
1060 3367 1214 3435 currenti
1233 3365 1337 3435 simi-

139 3465 207 3555 lis,
234 3476 339 3537 vetus
358 3469 477 3560 gentis
495 3468 660 3559 insigne,
681 3468 880 3561 occupavit,
900 3465 1036 3562 reliqua
1053 3466 1270 3538 Wladislaus
1290 3463 1333 3535 ΙΙ.

140 3567 270 3659 adjecit
300 3568 344 3656 ⁶).

181 3711 221 3796 ⁴⁵)
243 3713 304 3775 Per
321 3712 437 3776 fascias
462 3721 594 3794 quatuor
611 3711 796 3793 praecipuos
814 3711 996 3795 Hungariae
1012 3713 1125 3776 fluvios
1146 3712 1335 3791 Danubium,

224 3800 396 3876 Tibiscum,
420 3802 545 3876 Savum,
568 3807 598 3862 et
615 3800 771 3874 Dravum3
793 3818 850 3880 per
871 3808 992 3862 montes
1015 3801 1143 3862 totidem
1162 3801 1335 3879 carpotices

125 3944 128 3950 .
224 3884 338 3967 Alpes,
372 3905 448 3966 quac
482 3886 700 3948 vetustissima
732 3883 971 3964 compellatione
1004 3886 1159 3962 Tetra,
1203 3885 1335 3961 Fatua,

181 3991 183 4001 ¹
222 3971 359 4032 Matre
381 3972 544 4046 dicuntur3
568 3991 624 4050 per
646 3989 767 4034 crucem
788 3973 909 4033 demum
927 3970 1124 4049 duplicatam,
1148 3989 1238 4050 quam
1255 3969 1335 4031 alins

224 4056 460 4135 patriarchalem
484 4065 604 4132 vocant,
628 4064 813 4138 potestatem
836 4056 917 4118 circa
935 4059 1030 4118 Sacra
1044 4056 1184 4138 Regibus
1204 4056 1334 4134 nostris,

223 4145 385 4204 accedente
408 4143 566 4222 pontificia
588 4143 771 4226 largitione,
795 4142 949 4224 ampliora
971 4141 1183 4224 subintelligi,
1208 4140 1335 4204 verosi-

165 4335 190 4402 a)
208 4337 400 4473 {pput‘tpptoma
416 4341 443 4392 tu
457 4341 502 4393 ur.
523 4342 583 4394 car.
595 4343 688 4437 Pplma
704 4341 822 4407 specim.
841 4339 951 4395 Hereld.
969 4342 1145 4409 Regflung.
1168 4352 1193 4405 p.
1206 4340 1251 4392 59.
1269 4339 1331 4392 vut-
