3138 4858
1312 205 1358 277 61

166 368 425 464 peratirarum,
455 387 543 466 quas
572 368 646 444 suis
676 367 802 444 dabant
828 369 1100 446 Jurisdictiones
1126 369 1360 446 Committan-

166 469 283 562 tibus,
311 495 353 545 ac
379 471 440 547 vel
470 470 564 568 quod
590 473 652 546 lex
669 473 761 547 adsit
791 475 846 566 ⁸),
875 496 964 570 quae
993 475 1083 550 istos
1098 473 1222 566 jubeat
1240 476 1276 547 in
1294 496 1359 547 re-

168 571 239 644 ditu
258 595 344 648 suae
371 573 561 669 legationis
588 574 798 649 relationem
816 574 963 668 faeere,
990 597 1054 651 eos
1086 574 1190 650 simul
1208 575 1360 648 adhunc

167 675 383 768 sequendam
413 676 604 771 obligasse.
631 717 684 732 -
708 677 804 772 Ergo
835 717 887 732 -
916 679 1038 752 amabo
1066 717 1118 732 -
1141 677 1200 750 illa
1228 682 1358 768 omnia,

168 798 350 873 quaequae
384 789 534 872 egerunt
559 779 855 871 iurisdictiones,
881 784 954 855 vim
973 780 1160 855 confestim
1189 778 1358 874 obligati-

95 963 104 975 κ
167 899 249 952 vam
266 878 336 951 boc
353 883 432 975 ipso
451 880 645 954 inducunt?
672 884 785 977 etqui
804 882 848 955 de
870 884 1040 955 missione
1060 905 1123 956 sua
1141 880 1280 954 referre
1300 892 1361 955 te-

168 989 291 1074 netur,
317 980 485 1056 facultate
517 982 628 1056 libero
662 983 790 1077 agendi
829 984 1036 1079 simpliciter
1070 1005 1196 1059 carere
1226 982 1363 1055 debet?

170 1093 319 1176 quauta,
346 1085 378 1157 si
408 1087 478 1157 ista
513 1084 769 1175 subsisterent,
805 1086 887 1159 inde
918 1085 1068 1164 absurda
1097 1083 1361 1184 sequerentur?

169 1195 274 1281 atque
293 1189 425 1262 utinam
444 1197 567 1262 secuta
584 1209 657 1262 non
674 1186 838 1262 fuissent

692 1391 729 1478 §.
758 1391 845 1464 420.

474 1541 554 1626 Qua
572 1538 699 1630 impert
717 1537 820 1630 leges
839 1537 1060 1614 condantur.

269 1681 391 1758 Finem
410 1683 454 1756 do
479 1682 638 1759 Comitiis
667 1683 867 1759 disserendi
892 1693 1079 1778 antequam
1104 1681 1220 1772 facio,
1249 1702 1364 1776 quae-

169 1806 249 1856 nam
279 1785 323 1856 de
357 1787 479 1879 lingva
507 1786 698 1878 hungarica
735 1790 772 1859 iu
799 1787 964 1860 texendis
993 1785 1169 1874 decretis,
1206 1787 1364 1879 actisque

168 1885 341 1981 publicis,
369 1897 473 1958 antea
497 1887 606 1959 latine
636 1886 922 1977 decurrentibus,
949 1890 1052 1961 vario
1078 1896 1239 1980 tempora
1256 1885 1365 1979 lege-

168 1997 273 2059 tenus
291 1984 424 2059 fuerint
454 1989 667 2078 constituta,
694 1992 835 2059 tametsi
856 1990 917 2062 vel
934 2009 1000 2083 per
1027 2007 1129 2058 usum
1148 2007 1366 2058 communem

169 2089 207 2159 in
235 2087 422 2183 propatulo
453 2093 544 2178 sint,
571 2108 643 2160 non
668 2091 810 2183 penitus
835 2087 1051 2183 praeteribo.
1092 2086 1139 2159 Ut
1169 2085 1364 2178 hungarico

170 2190 296 2279 simul,
333 2212 375 2262 ac
400 2191 510 2262 latino
539 2186 705 2261 idiomate
736 2188 956 2281 scribantur,
998 2208 1089 2261 anno
1117 2187 1221 2277 hujus
1254 2187 1367 2260 seculi

169 2311 275 2388 supra
301 2295 516 2365 tricesimum
544 2299 648 2363 sexto
679 2291 728 2382 l‘),
768 2296 996 2365 constitutum
1025 2300 1124 2381 erat,
1154 2288 1279 2383 quodsi
1306 2300 1366 2362 ta-

169 2415 250 2464 men
280 2393 322 2465 de
352 2393 553 2487 significatu
578 2392 706 2465 alicubi
736 2392 876 2466 dubium
894 2403 1119 2487 emergeret,
1143 2389 1243 2464 'istud
1270 2390 1365 2464 hun-

170 2497 312 2586 garicus
332 2505 451 2567 textus
482 2494 640 2582 dirimat3
669 2494 899 2590 quadriennio
926 2494 1080 2568 nondum
1107 2494 1266 2583 evoluto,
1285 2492 1366 2565 Lit-

170 2605 270 2666 terae
289 2595 333 2666 ad
357 2595 515 2690 Regem,
545 2619 611 2668 ceu
628 2595 994 2692 Repraesentationes
1022 2619 1043 2668 e
1070 2591 1243 2684 Comitiis,
1269 2593 1364 2668 labio

169 2695 254 2774 latio
275 2697 447 2788 excluso,
472 2696 667 2771 vernaculo
688 2698 856 2770 duntaxat
875 2698 997 2770 dimitti
1011 2695 1180 2789 jubentur
1211 2695 1263 2787 ⁰);
1282 2703 1366 2792 post

169 2799 318 2890 similem
336 2800 476 2872 tandem
493 2799 793 2894 intercapedinem
824 2798 872 2891 dJ,
892 2798 928 2872 id
946 2799 1041 2895 quod
1060 2797 1195 2870 anhelis
1213 2797 1366 2894 poteba-

169 2910 227 2971 tur
249 2905 368 2990 votis,
397 2901 442 2972 ad
469 2900 602 2994 Regias
626 2902 918 2997 Propositiones,
946 2901 1156 2995 Rescripta,
1193 2910 1228 2971 et
1252 2899 1361 2995 quid-

170 3000 252 3094 quid
269 2998 383 3092 Regio
410 3004 553 3085 nomine
582 3000 752 3091 dandum,
779 3003 840 3077 vel
859 3001 1075 3074 reddendum
1102 3001 1219 3089 foret,
1247 3022 1361 3094 aeque

63 3173 67 3180 ,
170 3111 356 3173 extensum
386 3099 474 3189 iuit,
502 3122 568 3194 qua
598 3107 789 3173 occasione
815 3100 1003 3196 profligato
1032 3104 1213 3197 penituse
1240 3098 1363 3170 Comi-

169 3204 250 3291 tiis,
278 3222 299 3271 a
333 3202 564 3292 Dicasteriis,
594 3224 614 3273 e
644 3202 890 3275 Tribunalibus
914 3240 967 3255 -
993 3201 1105 3276 verbo
1134 3238 1187 3252 -
1210 3200 1365 3294 undique

168 3300 279 3374 latino
315 3301 433 3391 labio,
460 3305 563 3374 unice
591 3303 738 3377 Nunciis
770 3305 922 3378 Partium
950 3300 1166 3378 adnexarum
1201 3303 1391 3376 sexennii·

169 3402 421 3599 respiplqunqu
447 3425 647 3479 sermonem
665 3403 773 3479 latine
791 3405 1047 3502 proferendum
1075 3403 1281 3502 permittere
1299 3406 1366 3478 vi-

170 3525 246 3579 sum
304 3510 332 3579 it
394 3558 402 3577 .

211 3652 251 3738 ¹⁵)
275 3651 429 3727 Qualem
419 3660 492 3731 usta,
514 3660 600 3716 tanta
615 3671 684 3716 eum
703 3653 871 3717 acerbitate
886 3658 1094 3736 propugnata,
1115 3657 1177 3713 tam
1192 3637 1366 3714 vehementi
1434 3725 1436 3728 Ι

254 3738 461 3818 praedomiuii
483 3739 574 3817 uisu,
605 3739 707 3804 Sociis
728 3740 848 3822 Regnis
871 3739 972 3820 palam
996 3737 1255 3815 reclamantibus,
1285 3754 1365 3799 eou-

256 3822 360 3902 clusa,
392 3844 448 3888 nee
471 3826 538 3888 siue
567 3825 675 3908 gravi,
708 3845 743 3889 ac
772 3826 910 3889 violenta
939 3845 997 3906 pro
1027 3824 1204 3888 numerosis
1235 3821 1366 3886 alterius

193 3905 331 3971 labii
351 3869 502 3975 boiueolis
525 3912 682 3976 coactione
704 3910 855 3994 imposita
877 3911 1020 3977 effaetum
1037 3909 1253 3994 produxerint,
1275 3927 1365 3991 quam

177 4035 370 4054 Ν

199 4080 324 4146 ·.)1ttt
343 4085 386 4144 49.

198 4166 229 4231 l³)
246 4170 305 4221 Art.
323 4171 348 4224 3.

200 4254 224 4319 ⁸)
245 4253 322 4308 1840.
339 4258 367 4311 6.

199 4339 231 4408 ³)
250 4339 328 4396 1848.
344 4343 369 4396 8.
398 4357 401 4362 ·
