3094 4868
1307 273 1422 348 roo.

182 428 380 517 memorare
409 450 489 528 sunt
518 439 643 530 soliti,
672 463 773 535 quam
802 443 838 533 in
867 442 1060 536 largiendis
1088 437 1305 539 privilegiis,
1343 449 1379 513 ct
1408 463 1410 468 ·

125 608 133 626 ,Δ
154 544 156 546 ’
180 543 451 620 immunitatibus
472 547 549 620 sive
569 543 818 634 concedendis,
847 548 925 621 sive
945 545 1202 619 confirmandis.

643 731 645 734 ’
706 750 743 835 ς.
772 751 855 824 ona.
937 773 939 777 ·

465 905 545 974 Suo
574 879 699 972 touton
727 901 842 973 modo
870 903 1129 994 terroperoto

187 1053 189 1056 ’
282 1050 379 1138 Quae
400 1072 477 1120 cum
496 1052 544 1119 ita
563 1072 603 1148 se
622 1049 785 1139 habeant,
811 1053 951 1122 omnino
971 1048 1149 1121 fatendum
1169 1059 1236 1138 cst,
1256 1071 1376 1144 puram
1437 1110 1439 1116 .

178 1173 273 1241 esse,
301 1173 342 1222 ao
361 1151 589 1245 simplicem
581 1173 616 1223 m
628 1151 821 1245 Hungaria
846 1152 987 1249 Imperii
1017 1152 1175 1239 forman,
1203 1152 1376 1273 Regimen

177 1265 294 1326 tamen
312 1275 487 1348 nunquam
506 1253 618 1325 fuisse
645 1255 885 1345 arbitrarium,
914 1254 1009 1349 quod
1026 1257 1290 1347 unusquisque,
1318 1256 1375 1346 qui

177 1360 319 1451 antiqua
350 1356 576 1449 Hungariae
582 1365 763 1449 tempora,
791 1355 1178 1443 cumrecentioribus,
1212 1358 1326 1425 animo
1357 1379 1377 1426 a

176 1458 401 1555 praejudiciis
419 1479 549 1546 vacuo,
576 1458 775 1547 contulerit,
793 1461 870 1554 ipse
890 1457 995 1532 facile
1015 1457 1280 1530 animadvortet.
1301 1455 1378 1527 Nec

182 1585 271 1656 opus
290 1561 403 1649 habco
423 1569 609 1656 repetere,
637 1582 726 1653 quac
745 1563 782 1631 in
807 1560 1012 1634 ulteriorem
1035 1560 1183 1649 hujusce
1201 1561 1254 1629 rei
1274 1581 1377 1630 com·-

180 1666 444 1759 probationem,
473 1663 533 1735 vcl
552 1673 633 1733 ante
662 1683 718 1731 mc
744 1671 796 1733 tot
822 1661 880 1735 alii
897 1666 966 1736 viri
994 1662 1219 1733 eruditissimi
1237 1661 1376 1756 plenam

175 1772 211 1838 in
239 1770 353 1839 lucem
381 1765 621 1854 collocarunt,
648 1763 710 1854 vel
737 1784 806 1856 ego
834 1769 872 1836 in
899 1765 983 1838 Jura
1009 1764 1146 1857 Regum
1174 1772 1375 1835 nostrorum

175 1871 410 1958 majestatica,
438 1860 692 1959 legiferamque
720 1875 934 1963 potestatem
961 1866 1120 1953 adferre,
1149 1875 1253 1957 atque
1274 1887 1375 1936 com·-
1434 1930 1437 1934 .

176 1970 329 2064 probare
347 1967 463 2040 nullus
482 1970 716 2060 praetermisi.
746 1965 959 2065 Quamquam
980 1971 1072 2038 enim
1091 1966 1227 2038 abunde
1247 1977 1374 2038 osten·-
1450 1975 1453 1982 '

70 2127 72 2131 .
177 2070 236 2142 dat
263 2072 411 2143 historia
441 2071 629 2140 arctiorem
659 2088 930 2161 nonnunquam,
970 2068 1179 2162 quaudoque
1211 2069 1374 2140 latiorem

174 2171 375 2268 Principum
402 2181 604 2243 nostrorum
628 2172 664 2240 in
692 2169 918 2262 gubernanda
941 2169 1133 2264 Republica
1161 2181 1373 2264 potestatem

176 2273 310 2364 fuisse,
338 2296 403 2370 pro
422 2275 488 2363 iis,
517 2293 606 2367 quae
626 2271 833 2346 Seculorum
853 2272 1004 2346 decursu
1022 2294 1152 2359 rerum,
1181 2270 1371 2362 adjuncto·-

175 2400 322 2472 rumque
341 2385 515 2448 momenta
534 2375 742 2463 inciderunt,
770 2375 967 2468 augendae,
995 2382 1100 2470 atque
1125 2373 1371 2446 extendendae

176 2504 270 2552 nuno
295 2480 453 2571 Regum,
493 2476 597 2547 modo
626 2478 747 2571 populi
786 2480 967 2572 potentiae
998 2485 1256 2572 peroportuna3
1294 2486 1371 2549 orat

114 2590 116 2595 '
177 2591 292 2653 tomen
311 2582 448 2652 illorum
472 2577 663 2673 imperium
686 2582 737 2650 sic
764 2581 889 2672 quavis
916 2589 1032 2651 aetate
1058 2599 1123 2650 suo
1152 2576 1371 2650 modo-tem-

176 2691 348 2777 peratum,
368 2690 405 2751 ut
423 2681 503 2752 Rex
521 2679 702 2775 quibusvis
721 2680 805 2751 licet
821 2680 962 2754 Juribus
981 2682 1209 2771 majestaticis
1226 2691 1371 2753 ornatus

177 2790 243 2874 sit,
274 2795 378 2878 atque
410 2785 623 2870 instructus,
659 2780 784 2853 horum
813 2792 965 2856 attamen
994 2781 1154 2874 singula,
1187 2786 1371 2878 ipsumque
1402 2801 1403 2804 ’

175 2886 362 2978 Imperium
381 2907 600 2980 nequaquam
618 2907 682 2979 pro
709 2885 876 2976 arbitrio,
904 2907 1027 2958 verum
1047 2883 1238 2957 secundum
1255 2885 1370 2976 lech,

176 2987 369 3057 accedente
405 2987 572 3076 comitiali
608 3008 778 3074 assensu,
820 2987 1001 3077 conditaS,
1042 2996 1146 3080 atque
1176 2983 1222 3058 ex
1253 2994 1370 3058 mente

175 3081 366 3160 earundem'
393 3109 535 3184 semper
562 3091 775 3159 exercuerit.

589 3281 591 3288 ’
700 3293 737 3378 §.
766 3293 850 3365 644.

650 3443 880 3514 Corollaria.

274 3590 328 3661 Ex
348 3591 460 3662 allatis
491 3590 630 3682 gemina
661 3587 857 3659 Corollaria
887 3599 1092 3684 sequuntur,
1120 3593 1267 3686 primum
1295 3598 1367 3660 est:

172 3693 308 3785 Regem
334 3693 534 3784 Hungariac
564 3712 647 3764 esse
671 3689 898 3762 Monarcham
924 3693 1004 3765 veri
1031 3695 1204 3782 nominis,
1235 3699 1369 3762 totum-

74 3829 77 3835 ·
171 3815 239 3888 que
258 3793 443 3893 Imperium
461 3795 497 3865 in
516 3794 673 3883 ejusdem
692 3795 794 3866 unius
820 3815 924 3864 manu
953 3797 1163 3868 consistere.
1208 3790 1369 3864 Alterum
1431 3797 1433 3801 ’

172 3894 264 3987 quod
281 3898 449 3990 Princeps
468 3895 722 3974 haereditarius
741 3898 779 3968 vi
802 3894 911 3985 Juris,
940 3904 975 3966 et
1000 3889 1104 3990 paeto
1138 3895 1368 3985 subjectionis

172 3999 362 4089 acquisiti,
401 3998 654 4089 transeundo
646 4021 682 4067 1n
708 4000 876 4069 universa
911 3998 1165 4072 Antecessoris
1187 3997 1339 4086 Jura,
1329 4018 1365 4067 ιιι

172 4095 265 4167 aditu
284 4099 478 4208 Regiminis
497 4083 581 4170 nihil
600 4099 691 4220 plus·
697 4099 831 4169 Jurium
850 4104 1020 4194 acquirat,
1050 4123 1151 4195 quam
1177 4118 1267 4194 quae
1285 4100 1366 4170 An-

171 4190 377 4272 tecessoris'
385 4212 505 4288 erant3
534 4222 601 4271 nec
622 4203 778 4274 vicissim
800 4199 923 4294 quibus
952 4202 1019 4272 rste
1039 4202 1226 4296 gaudebat
1247 4219 1288 4270 eu
1307 4222 1368 4271 ιιι
1448 4247 1449 4250 =

169 4301 244 4372 vito
283 4301 385 4372 adimi
420 4303 576 4391 valeant,
615 4303 775 4397 adeoque
803 4301 916 4373 forma
934 4302 1131 4397 Regiminis
1166 4324 1232 4397 pro
1263 4304 1365 4374 unius

168 4404 278 4496 partis
301 4402 443 4474 arbitrio
462 4407 588 4475 mutari
615 4404 781 4477 nullum
772 4425 948 4479 mensum
976 4410 1101 4503 possit.
1137 4403 1227 4494 Quid
1251 4413 1366 4478 autem
