3144 4860
197 193 249 283 70

139 409 142 415 ·
199 370 457 471 compellantur
483 375 676 466 propterea
700 366 817 464 Regni
842 365 1031 459 haeredes,
1060 369 1154 467 quod
1172 367 1305 462 ambas,
1331 324 1404 446 de-

197 479 250 550 lut
277 473 429 568 Regum,
457 471 612 544 mascula
632 470 735 567 prole
762 473 969 562 carentium,
997 469 1087 548 filias
1104 467 1246 549 Corona
1270 495 1405 548 secun-

200 580 279 651 dum
305 575 607 675 praeexistentem
642 575 838 668 quampiam
876 595 1034 647 normam
1072 579 1273 675 respiceret
1302 578 1404 670 (60).
1519 603 1521 608 ’

198 679 288 753 Nam
309 683 353 770 si,
373 686 412 749 ut
433 697 508 748 rem
527 677 649 771 paucis
669 675 863 766 absolvam,
891 676 1078 752 foemineis
1095 679 1314 778 Principibus
1339 698 1407 752 so-

200 785 284 855 lium
314 805 334 853 a
364 781 549 852 nativitate
569 787 801 873 maternoque
820 783 916 852 avito
947 784 1119 874 sangnine
1140 783 1184 855 ab
1202 785 1285 857 olim
1304 804 1406 854 com-

201 887 315 982 petiit,
338 883 877 978 cur-quaeso-mcjorpors
890 881 1149 977 Hungarorunu
1169 885 1212 959 ab
1230 885 1408 980 Andega-

205 985 376 1061 vensibus
399 983 587 1079 tantopere
608 983 745 1074 aliena,
778 985 860 1076 jura
893 987 1090 1076 viciniora,
1128 991 1199 1062 imo
1231 991 1408 1087 proxima,

203 1110 269 1185 pro
299 1097 380 1160 nata
407 1084 574 1158 Andreae
605 1083 674 1158 ΙΙΙίὶ
710 1087 813 1158 unica
841 1091 1002 1184 nuspiam
1031 1089 1229 1186 allegavit?
1264 1091 1339 1164 imo
1362 1113 1409 1166 ue

203 1183 432 1266 venceslaus
450 1186 602 1284 quidem,
632 1189 691 1284 qui
717 1197 835 1262 tamen
862 1189 1011 1263 eandem
1034 1194 1243 1267 tunoadhuc
1261 1215 1324 1267 sua
1342 1217 1409 1292 pro

205 1314 359 1391 sponsa,
396 1301 475 1364 utut
505 1290 640 1364 tardius
665 1289 868 1387 repudiata,
907 1294 1048 1368 omnino
1079 1295 1307 1392 agnoscebat.
1334 1298 1409 1370 Aut

205 1418 357 1492 quonam
376 1393 470 1467 lactu
485 1395 653 1468 evenisse
674 1391 885 1487 putabimus,
908 1405 947 1468 ut
964 1396 1109 1489 Anna,
1132 1405 1254 1472 senior
1267 1398 1406 1474 Alberti

205 1497 300 1586 filia,
337 1495 533 1594 Neptisque
569 1493 908 1588 Margaretha,
951 1497 1011 1570 illu
1039 1497 1285 1574 Vilhelmo
1324 1501 1407 1576 Sa-

204 1600 336 1688 xoni,
363 1597 652 1670 haeodoanni
677 1597 1122 1696 Brundenburgieo
1147 1612 1291 1698 nuptae,
1320 1623 1407 1676 suc-

207 1703 383 1774 cessionis
420 1701 487 1776 sibi
516 1698 606 1772 adeo
643 1695 782 1775 debitae
802 1697 1013 1804 beneficium
1039 1727 1224 1803 numquam
1250 1726 1315 1801 per
1342 1725 1407 1780 se-

69 1834 73 1844 ·
206 1803 431 1900 querentur?
462 1804 494 1895 ⁸)

747 1953 785 2042 §-
815 1955 875 2026 71.

443 2080 558 2174 Regiv·
577 2045 776 2174 conparium
801 2095 1013 2174 respectam
1038 2097 1173 2161 tameo.
1246 2166 1252 2171 ,

311 2207 379 2294 Qui
403 2207 447 2278 de
473 2206 597 2279 ordine
617 2207 769 2300 Regum,
797 2227 839 2281 se
856 2215 976 2280 mutuo
998 2210 1261 2305 excipientium,
1290 2233 1310 2284 e
1329 2211 1411 2284 fao-

209 2315 268 2400 tis,
297 2317 336 2380 et
350 2307 536 2382 eventibus
550 2307 615 2384 tus
637 2311 752 2405 ipsum
771 2311 925 2382 evictum
944 2311 1029 2384 e'sse
1047 2320 1182 2407 putant,
1209 2314 1279 2407 ipsi
1303 2314 1411 2388 vide-

211 2416 295 2500 rint,
323 2409 465 2483 Paetum
492 2419 610 2483 tamen
628 2413 818 2484 retroactis
841 2410 1016 2504 saeculis,
1056 2413 1255 2510 Principum
1272 2414 1412 2490 Suess-

209 2515 306 2593 sioni
331 2511 490 2606 regnam
518 2515 779 2607 praestituens,
814 2511 1009 2605 Maioribus
1037 2519 1194 2608 nostris,
1223 2539 1295 2592 non
1316 2519 1412 2610 dieo,

209 2619 379 2711 agnitum,
407 2624 462 2687 ast
482 2614 543 2686 vel
560 2617 752 2709 cognitum,
780 2625 864 2712 post
884 2639 1126 2714 quamcunque
1155 2618 1312 2694 sedulam
1339 2643 1413 2696 ve·-

209 2731 324 2791 terum
333 2725 638 2792 monumentorum
651 2718 946 2816 disquisitionem,
965 2722 1136 2795 hactenus
1154 2743 1258 2794 nemo
1279 2723 1413 2818 depre-

210 2820 341 2895 hendit.
369 2819 536 2894 Vicissim
549 2822 665 2915 quivis
686 2822 955 2911 animadvertet,
983 2822 1089 2894 facile
1109 2843 1187 2894 eam
1207 2823 1277 2896 illis
1299 2823 1413 2898 luisse

210 2924 437 3017 congenitam
458 2925 641 3015 sanguinis
658 2924 765 3016 Regii
790 2927 1044 3013 reverentiam,
1071 2932 1109 2995 ut
1130 2933 1179 3013 ct,
1207 2945 1285 2996 oum
1312 2945 1412 2998 mus-

211 3028 283 3102 culi
307 3025 454 3102 deerant
479 3024 617 3118 Regiae
651 3028 772 3121 stirpis
794 3028 947 3120 posteri,
975 3025 1176 3099 foemineos
1202 3037 1410 3120 evocarent,

193 3141 249 3205 ‘et
271 3131 302 3204 si
321 3128 442 3204 demas
473 3129 576 3202 unius
607 3126 761 3202 Ladislai
789 3125 932 3201 infantis
962 3126 1161 3224 posthumi,
1201 3128 1245 3200 ad
1273 3139 1412 3227 tempus

108 3229 113 3242 “
212 3232 412 3327 neglectum
432 3253 480 3304 cx
494 3231 643 3328 periculi
663 3229 923 3324 magnitudine,
952 3229 1046 3324 quod
1066 3231 1204 3304 Turcue
1227 3232 1413 3307 minaban-

212 3345 282 3424 tur,
308 3333 552 3430 repetcndum,
582 3331 699 3406 afiliis
721 3333 860 3427 Regum
880 3353 1049 3425 suorum,
1077 3355 1191 3430 quos,
1219 3336 1308 3411 duee
1340 3355 1413 3432 pe-

212 3439 315 3511 renni
345 3436 493 3532 quadam
520 3435 800 3527 consuetudine,
836 3457 902 3532 pro
935 3438 1041 3511 certis
1062 3440 1164 3536 quasi
1201 3435 1413 3514 haeredibus

215 3538 497 3632 considerabunt,
525 3560 702 3636 nunquam
727 3539 957 3614 recesserint.

789 3741 796 3758 .
818 3689 878 3762 72.

507 3813 697 3906 Exempto
717 3689 959 3889 cs§H2ttoria
971 3817 1103 3904 percio.
1143 3809 1148 3818 '

189 4025 191 4030 ¹
318 3936 418 4012 Hanc
436 3939 549 4034 ipsam
566 3938 731 4036 profecto
752 3937 1043 4013 consuetudinem
1061 3937 1267 4018 electoralis
1286 3936 1419 4020 Comi.

217 4049 279 4135 tiu,
307 4040 643 4136 conventiouosquo
671 4042 714 4116 de
748 4040 888 4117 Corona
915 4043 1045 4133 initae,
1080 4045 1150 4118 imo
1182 4045 1284 4140 leges
1309 4046 1411 4141 ipsae

217 4149 310 4220 bene
337 4146 394 4215 diu
414 4153 517 4215 antea
537 4147 693 4216 sancitae
714 4146 938 4218 considerate
956 4157 1206 4242 respexerunt,
1226 4169 1329 4241 quum
1347 4169 1418 4242 pu·-

250 4311 277 4381 ·)
296 4315 355 4436 dim·
382 4272 562 4441 {ampliet
589 4316 621 4372 de
641 4318 721 4372 modo
741 4281 819 4374 cous,
836 4332 936 4374 summ.
953 4319 1019 4384 lmp.
1038 4319 1066 4372 ln
1083 4321 1178 4387 llung.
1197 4335 1212 4372 a
1230 4333 1291 4386 pag.
1309 4319 1414 4374 tt-tl

321 4399 364 4438 em
420 4411 448 4422 -
505 4423 511 4438 .
