3158 4864
410 418 599 517 Qutdqutjd
625 293 1148 493 Goldusduddeoutramoveut.

282 539 425 612 Memini
444 541 648 614 Goldastum
661 540 869 614 Germaniae
879 542 1095 639 scriptorem
1113 544 1149 614 in
1170 543 1378 619 Recessu

179 641 363 737 Imperii
392 642 435 712 de
453 643 667 715 Palatinatus
687 643 820 716 Olliciis
840 653 1017 736 agentem,
1046 649 1229 738 sequentia
1249 647 1376 718 admo-

181 744 261 816 dum
280 741 429 815 fidenter
457 744 501 815 de
518 744 694 837 Hungaris
713 753 878 817 notasse:
910 745 1066 838 „Quibus
1086 745 1222 818 demum
1239 746 1374 820 Henri-

182 865 270 939 „eus
288 885 340 896 -—-
358 856 595 939 cognomento
611 848 714 939 niger
730 885 783 899 -
801 847 946 920 subacto
966 848 1320 942 Hungariaellegno‚
1340 857 1376 921 et

179 951 367 1041 „restituto
388 949 493 1019 Petro
513 947 629 1042 Rege7
657 947 826 1020 fidelitate
845 951 887 1022 ab
915 972 958 1021 eo
987 958 1145 1044 recepta,
1173 952 1375 1046 petentibus

179 1049 412 1141 „Ordinibus
455 1051 649 1123 Palatinum
673 1049 873 1144 Hungariae
910 1051 1076 1142 adjecit.“
1114 1053 1159 1123 A.
1201 1053 1297 1126 1042
1329 1054 1374 1143 ¹).

176 1152 248 1225 Sed
266 1151 353 1223 fides
375 1151 533 1225 Goldasti
552 1153 743 1246 Scriptoris
764 1154 876 1226 seculi
898 1158 969 1243 17..
991 1157 1049 1248 qui
1067 1175 1127 1225 res
1145 1162 1373 1250 pervetustus
1447 1231 1451 1238 ,

177 1254 390 1343 enarrando,
417 1258 598 1326 rarissime
627 1253 745 1325 lentes
764 1255 907 1343 indicat,
927 1256 1020 1326 unde
1041 1278 1103 1329 sua
1123 1265 1259 1328 asserta
1280 1255 1374 1328 bau-

178 1359 277 1446 serit,
307 1379 349 1426 ao
366 1366 559 1452 propterea
579 1359 683 1427 etiam
701 1357 738 1426 in
756 1356 863 1427 rebus
884 1356 950 1428 sibi
969 1357 1173 1429 domesticis
1194 1359 1375 1449 gravissi-

175 1479 265 1529 mam
284 1457 542 1552 Seokenbergii
562 1477 746 1528 censuram
764 1461 959 1552 promeruit
988 1457 1037 1550 ¹’)‚
1056 1457 1116 1530 vel
1129 1479 1175 1530 ex
1195 1481 1238 1529 eo
1260 1462 1374 1552 capite

174 1558 330 1650 vacillat„
357 1561 451 1655 quod
480 1563 515 1632 in
541 1559 608 1632 hac
635 1562 712 1654 ipsa
748 1563 951 1631 narratione
984 1571 1168 1654 utrumque
1195 1559 1373 1631 Historiae

177 1662 314 1733 oculum
334 1663 490 1734 clausum
508 1665 672 1733 tenuerit.
700 1659 875 1732 Henrious
902 1661 1065 1756 proiecto
1093 1683 1165 1750 non
1190 1663 1282 1734 ultra
1303 1661 1375 1732 Al-

175 1764 252 1835 bam
278 1763 423 1856 Regiam
450 1768 636 1858 pervenit,
671 1761 884 1854 Hungariam
910 1763 1059 1858 proinde
1090 1764 1277 1855 subegisse
1307 1763 1375 1834 dici

175 1868 236 1935 vix
254 1874 416 1959 poterat,
446 1873 482 1937 et
517 1869 552 1935 in
580 1885 671 1935 anno
703 1866 781 1957 ipso
811 1874 1105 1938 commemoratae
1137 1864 1373 1959 expeditionis

172 1988 278 2054 ,error
314 1963 513 2058 subrepsit.
559 1974 682 2059 utpote
729 1986 832 2056 quem
875 1964 1059 2036 domestici
1100 1964 1142 2058 ⁶),
1188 1969 1374 2060 exterique

175 2068 377 2159 Scriptores
399 2065 553 2152 caeteri,
582 2087 624 2135 ac
646 2065 739 2134 inter
764 2062 830 2134 bos
858 2068 1061 2136 nominatim
1089 2086 1246 2136 coaevus
1274 2067 1371 2136 Her-

175 2187 321 2238 maunus
340 2164 549 2238 Contractus
580 2162 628 2255 dJ,
657 2185 725 2234 nee
751 2187 824 2236 non
849 2164 999 2248 Aloldus
1027 2188 1047 2235 a
1074 2165 1225 2238 Peklurn
1257 2167 1287 2256 ‘)
1329 2167 1372 2237 ad

175 2270 431 2354 annumlOld.
452 2266 676 2342 concorditer
692 2265 860 2361 deligunt.

730 2469 738 2486 .
766 2418 852 2490 208.

480 2544 552 2628 Qut·
569 2417 875 2637 prt'mu§quoque
901 2543 1077 2616 Periodo.

278 2663 464 2762 Explicato
484 2663 577 2742 bunc
594 2668 631 2738 in
649 2664 789 2738 modum
814 2665 1006 2758 dignitatis,
1035 2665 1079 2738 de
1098 2687 1166 2759 qua
1184 2663 1372 2759 loquimur,

176 2778 318 2857 exortu,
346 2769 389 2839 ad
407 2769 576 2840 ulteriora
596 2770 673 2859 ejus
693 2767 855 2858 adjuncta
875 2778 930 2841 est
959 2767 1271 2862 progrediendum:
1306 2787 1375 2838 nec

177 2873 269 2943 enim
287 2869 379 2940 idem
399 2873 492 2941 omni
517 2880 677 2966 tempore
696 2891 773 2942 mos
792 2871 906 2962 viguit
923 2869 1102 2941 Palatinos
1122 2867 1373 2956 constituendi,

175 2995 243 3044 neo
262 2972 407 3043 eaedem
425 2972 494 3043 illis
512 2975 799 3066 praerogativae,
820 2993 888 3042 nee
906 2974 1022 3043 munia
1050 2970 1151 3043 fuere
1173 2973 1372 3061 conjuncta.

176 3075 270 3149 Saue
289 3095 378 3167 quos
397 3072 501 3145 modo
515 3073 644 3166 Regis,
664 3085 699 3146 et
718 3071 884 3145 Ordinum
904 3076 1142 3146 consensione
1163 3075 1374 3144 eminentem

178 3199 257 3248 eum
274 3174 517 3268 Magistratum
545 3177 737 3270 consequi,
768 3169 815 3245 'et
842 3176 915 3246 vita
942 3174 1157 3270 perdurante
1183 3197 1230 3244 ex
1256 3173 1375 3264 legum

176 3279 399 3371 Praescripto
439 3273 467 3364 ¹)
496 3279 686 3348 retinuisse
714 3277 897 3364 novimus,
939 3275 1131 3349 eorundem
1157 3275 1374 3347 nominatio-

175 3401 256 3453 nem
274 3379 401 3475 priscis
430 3377 645 3471 temporibus
673 3401 692 3448 a
718 3378 829 3450 solius
847 3378 1019 3472 Principis
1048 3378 1244 3470 Regnantis
1273 3374 1372 3447 arbi-

177 3484 245 3554 trio
274 3477 514 3577 pependisse,
559 3478 698 3573 plurimi
728 3477 819 3548 baud
857 3477 989 3571 absque
1025 3477 1253 3550 fundamento
1284 3498 1374 3547 cen-

177 3604 282 3656 suere
313 3584 361 3671 ⁸).
391 3580 494 3651 Ratio
520 3581 626 3673 igitur
650 3576 828 3650 Palatinos
866 3577 1009 3648 creandi
1045 3581 1226 3672 praeviam
1253 3579 1290 3648 in
1315 3574 1369 3646 bis

178 3683 350 3772 omnibus,
379 3705 420 3753 ac
438 3682 655 3776 peculiarem
673 3689 828 3753 meretur
851 3681 1075 3752 mentionem.

205 3853 232 3913 ι)
252 3854 347 3904 Keller
365 3854 437 3905 illst.
456 3853 550 3920 uptoo.
571 3852 694 3919 Quinque
713 3853 789 3905 licet.
809 3853 840 3905 Τ.
859 3853 884 3905 3.
904 3867 929 3918 p.
947 3849 1010 3906 403.

207 3920 236 3986 ¹³)
255 3925 284 3973 lo
302 3923 403 3990 Scrlpt
423 3938 478 3978 rer.
497 3925 640 3975 Alcmene.
657 3921 681 3987 d.
699 3920 743 3974 to.

207 3996 231 4050 ο)
251 3991 327 4044 lidan
346 3995 375 4044 0.
394 3995 417 4046 8.
436 4008 462 4058 p.
481 3995 524 4048 88.
544 3996 681 4045 'l'burocn
700 3993 730 4045 P.
748 3994 775 4043 2.
794 3991 824 4045 G.
843 3990 886 4044 ut.

207 4061 233 4194 :lp
252 4061 420 4197 qqcpqloqq.
436 4064 659 4187 gpqqorlpnnsprlp.
677 4077 731 4118 rer.
751 4063 844 4116 Germ.
863 4062 897 4114 de
914 4067 984 4117 sext,
1001 4062 1093 4117 mund.
1108 4065 1189 4115 aetat.
1208 4059 1241 4112 ad
1261 4057 1375 4113 anuuit

206 4203 238 4341 dl)
252 4205 420 4328 ddddazdot.
439 4274 503 4328 lter.
521 4273 613 4342 flung.
631 4273 663 4327 Τ.
683 4275 708 4327 1.
725 4275 755 4324 lu
774 4269 876 4323 lutrod.
896 4267 1014 4334 alibique
1032 4268 1151 4348 panum
1183 4337 1188 4348 Ι
1208 4336 1213 4350 Ι
