3122 4852
246 241 317 316 122

243 413 447 494 tionalis
467 413 503 484 in
523 411 633 486 Gallia
662 413 813 508 tulerat,
840 419 934 492 labio
956 414 1149 492 vernaculo
1176 400 1443 510 ,basereg“

244 517 458 610 compellare
485 514 634 609 placuit,
662 521 942 593 manutenendae
971 541 1101 608 rerum,
1137 539 1444 612 personarumque

243 619 425 689 securitati
452 616 633 688 destinata.
663 618 897 715 Posteaquam
926 641 1072 714 magnus
1099 641 1143 692 eo
1169 620 1343 693 lectorum
1367 642 1445 690 nu-

245 739 376 806 merus,
403 717 507 808 hujus
533 740 620 791 suaa
648 719 892 795 destinationis
920 727 1114 811 immemor,
1132 743 1240 794 versa
1259 724 1349 810 alea,
1368 743 1445 792 ne-

246 818 421 891 laudosa
455 820 708 914 perduellionis
740 827 883 896 crimine
913 828 1211 911 contaminasset,
1246 825 1309 896 vix
1335 833 1445 916 atque

247 919 401 992 diversis
427 921 464 991 iu
490 921 606 1016 Regni
637 923 793 1017 partibus
831 928 1038 998 coalescere
1077 935 1266 1019 coeperat,
1302 927 1446 1016 integre

248 1039 349 1092 suum
366 1024 500 1116 reperit
514 1023 699 1095 excidium.
719 1026 872 1098 Proinde
891 1025 1110 1123 supersedeo
1124 1046 1330 1115 recensere,
1350 1037 1446 1119 quae

247 1123 290 1193 de
310 1121 365 1195 bis
400 1124 688 1211 conscribendis,
732 1126 919 1220 legendis,
964 1132 1070 1223 inque
1090 1129 1195 1199 armis
1226 1127 1444 1202 instruendis

247 1223 600 1321 praescribebantur,
629 1226 762 1321 iulege
782 1233 938 1303 minutim
956 1232 1134 1302 recensita
1164 1231 1208 1320 ⁸).

781 1433 818 1518 §.
847 1433 931 1508 526.

498 1582 723 1670 Supremam
750 1585 789 1650 in
821 1581 1191 1684 Coptacrlmperznm.

350 1722 427 1794 Juri
445 1743 620 1794 armorum
636 1727 841 1796 necessario
864 1726 1085 1795 connectitur
1102 1745 1302 1821 supremum
1322 1727 1358 1795 in
1375 1746 1449 1796 oo·
1545 1803 1546 1816 q

248 1827 326 1923 pias
346 1823 545 1919 Imperium,
572 1823 666 1918 quod
688 1828 812 1897 summi
836 1827 970 1897 Terrae
990 1827 1172 1922 Principes
1196 1827 1310 1897 nostri
1345 1826 1448 1896 nullo

249 1949 321 2000 non
339 1936 511 2024 tempore,
540 1936 576 1998 et
593 1948 665 1998 non
692 1930 796 2024 pauci
815 1949 937 1999 eorum
958 1948 1043 2000 suos
1063 1925 1134 2022 Ipsi
1173 1927 1352 1998 exercitus
1377 1925 1450 1997 ad-

249 2049 379 2103 versus
398 2028 537 2102 hostem
560 2028 741 2102 educendo
764 2039 1014 2120 exercuerunt,
1031 2027 1230 2104 Uladislaus
1249 2026 1291 2117 l.,
1319 2037 1355 2098 et
1369 2027 1448 2098 Ln-

252 2130 399 2204 dovicus
418 2129 461 2201 ll.
494 2135 688 2224 sangvine,
717 2142 752 2204 et
780 2135 853 2205 vita
885 2142 1138 2204 consecrarunt
1165 2153 1239 2203 sua.
1274 2129 1364 2201 Dein
1379 2129 1446 2201 Jus

252 2233 413 2304 etiamad
432 2237 546 2302 omnia
565 2253 607 2302 ca
625 2231 843 2320 adminicula,
871 2235 948 2304 sine
967 2233 1092 2327 quibus
1121 2254 1216 2302 arma
1249 2253 1317 2302 nec
1341 2251 1445 2302 com-

250 2332 354 2402 mode
375 2335 474 2419 satis,
502 2353 570 2403 nec
595 2340 681 2420 tute,
709 2355 777 2404 nec
797 2331 948 2404 feliciter
968 2333 1012 2404 ad
1036 2332 1222 2428 publicam,
1250 2336 1445 2427 privatam-

252 2453 320 2526 que
349 2434 573 2507 securitatem
604 2432 767 2503 tuendam
795 2431 964 2524 adhiberi,
990 2443 1027 2506 et
1044 2437 1206 2508 converti
1232 2441 1391 2530 possunt.

702 2663 705 2670 .
837 2604 921 2677 527.

619 2603 814 2822 Hafasqab
842 2736 1089 2804 consectario.

351 2873 429 2946 lloo
457 2895 545 2968 ergo
569 2879 710 2948 nomine
730 2877 839 2950 solius
860 2880 897 2949 in
914 2877 1092 2970 Hnagaria
1112 2878 1223 2973 Regis
1255 2886 1311 2950 est
1338 2896 1445 2947 erec-

251 2977 315 3066 tio,
342 2985 401 3049 aut
422 2974 607 3050 dissolutio
630 2977 838 3071 Legionum,
866 2983 1048 3075 repartitio
1066 2991 1249 3068 vatorum,
1284 2978 1345 3052 val
1372 2991 1445 3048 'ex-

252 3083 400 3153 structio
422 3099 597 3153 novorum
617 3079 887 3169 fortalitiorum3
908 3082 1083 3178 directio,
1111 3093 1146 3154 et
1163 3081 1323 3178 provisio
1346 3075 1445 3162 Con-

253 3180 437 3269 iiniorum3
465 3181 624 3254 delectus
651 3181 814 3272 militiae,
844 3193 880 3254 et
894 3179 1125 3270 'Ollicialium3
1153 3205 1237 3254 cura
1256 3185 1310 3254 rei
1328 3199 1445 3252 auno-

253 3285 386 3371 uariae,
413 3286 684 3371 tormentariae,
711 3287 890 3377 totiusque
908 3284 1036 3376 reliqui
1054 3284 1254 3379 adparatus,
1284 3281 1445 3376 discipli-

251 3404 412 3476 naeque;
451 3393 640 3481 eapropter
672 3384 823 3455 militare
849 3385 1151 3478 regulamentum,
1185 3385 1293 3458 salvis
1330 3383 1446 3474 Regni

252 3482 525 3579 legibus-pro
545 3497 609 3557 suo
628 3494 715 3555 nutu
734 3482 953 3580 praescribit.
982 3485 1047 3559 Ubi
1067 3495 1183 3558 tamen
1201 3507 1317 3572 novae
1330 3505 1446 3579 quae-

253 3583 332 3654 dam
350 3589 610 3678 praestationes
639 3585 905 3676 desiderantur,
944 3590 1107 3680 quoniam
1145 3587 1263 3659 tributi
1291 3589 1454 3680 speciem.

252 3680 427 3850 redlolent,
455 3687 620 3759 comitiali
648 3708 826 3760 consensu
859 3708 948 3783 opus
977 3707 1081 3778 esse,
1128 3685 1446 3785 exsuperioribus

251 3783 310 3852 ino
325 3785 464 3852 arescit.

709 3955 711 3960 ’
796 3989 803 4005 .
834 3935 917 4008 528.

579 4056 641 4130 Ad
662 3935 802 4149 negeb
827 4065 938 4133 unico
959 4065 1130 4152 pertenet.

355 4185 688 4293 Consequens'binc
715 4215 795 4299 est,
821 4208 1013 4280 utnemini
1032 4214 1157 4281 extero
1184 4209 1262 4284 sive
1280 4209 1455 4308 Principi,

246 4301 461 4320 ——u-——u-

284 4347 310 4412 ι)
327 4349 359 4400 ra
377 4328 428 4406 cn
448 4360 529 4424 aoso.
546 4365 590 4430 aa.
