3138 4858
1351 189 1399 264 55

204 351 281 423 istis
301 371 371 444 ego
390 349 482 423 facta
499 349 641 448 oppono
661 355 920 449 insequentium
932 352 1171 447 Domitiorum,
1182 351 1241 430 ubi
1261 362 1399 429 corun-¹

204 452 282 523 dem
311 452 536 526 articulorum
567 455 789 549 complureS,
818 467 852 529 et
881 461 1085 530 nominatim
1105 469 1279 547 octavuS,
1307 482 1398 554 pro·
1472 472 1474 477 '

203 556 306 626 ximis
326 555 422 627 illico
442 561 669 646 mutationem
689 556 793 628 subiit
823 560 876 650 ⁸),
907 559 1001 653 quod
1017 601 1069 612 -
1099 565 1225 656 opinor
1243 602 1294 613 —-
1313 564 1399 633 satis

204 657 442 746 demonstrat,
472 659 553 752 quid
573 659 615 730 de
634 657 700 730 bae
729 661 1006 734 immutabilitate
1034 662 1139 755 Rex,
1167 663 1398 760 Regnumque

170 813 171 818 ,
204 761 404 850 senserint,
433 771 645 856 quantumve
664 763 803 852 valeat,
830 764 965 837 valere.

716 967 753 1052 §.
783 971 868 1040 410.

607 1121 652 1192 In
669 1126 797 1212 specie
813 1121 850 1194 8.
872 1120 981 1195 1741.

302 1265 471 1339 Palmaris
501 1277 617 1339 autem
645 1268 705 1339 ille
733 1269 811 1340 Art.
842 1272 876 1341 8.
907 1272 1039 1358 1741,
1077 1268 1121 1340 de
1156 1291 1226 1362 quo
1271 1269 1396 1358 semel,

201 1380 306 1464 atque
325 1373 451 1440 iterum
470 1391 588 1444 sermo
607 1380 830 1459 recurrerat,
859 1371 1129 1466 praecavendo:
1158 1393 1204 1441 ne
1224 1370 1287 1442 sub
1308 1393 1397 1442 sen-

202 1495 278 1547 sum
305 1471 398 1542 illius
429 1472 626 1544 clausulae:
658 1473 827 1563 „Prout
855 1493 995 1566 super
1023 1495 1179 1544 eorum
1213 1495 1322 1561 usu,
1352 1483 1398 1546 et
1519 1482 1522 1486 ’

202 1573 519 1668 „intellectu,
567 1573 745 1667 Regis,
798 1596 857 1646 ac
902 1579 1135 1647 communi
1179 1577 1398 1650 Statuum

97 1691 102 1703 ·
203 1697 471 1770 ,consensu
499 1676 769 1751 diaetaliter
796 1686 1077 1749 conventum
1103 1675 1271 1749 fuerit“
1291 1680 1397 1748 inau-

201 1779 315 1873 gurali
349 1778 541 1873 Diplomati
568 1783 747 1870 insertae,
786 1777 946 1849 recidant
985 1777 1258 1851 fundamentalia
1298 1779 1396 1868 Jura,

201 1882 420 1969 Libertates,
458 1880 722 1970 immunitates,
759 1882 1036 1974 Praerogativae
1063 1884 1098 1953 in
1126 1882 1287 1974 legibus,
1326 1881 1397 1953 ibi-

202 1984 281 2055 dem
300 1981 494 2074 designatis
513 1981 681 2077 specifice
701 1992 889 2055 contentae
911 2005 982 2054 non
1001 1983 1094 2055 aliud
1113 1993 1269 2055 statuere
1288 1983 1396 2058 vide-

201 2097 279 2172 tur,
302 2105 411 2178 qnam
430 2084 509 2156 illas
530 2105 652 2159 omnes
672 2085 786 2156 claras
807 2086 1061 2178 caeteroquin,
1081 2085 1172 2157 haud
1190 2085 1259 2157 ulla
1279 2089 1396 2157 inter·-

201 2189 422 2284 pretatione,
452 2209 542 2281 quae
572 2209 713 2282 semper
739 2187 783 2285 ab
813 2191 1124 2282 utriusquepartis
1155 2191 1394 2259 consensione

202 2291 400 2386 dependet,
427 2289 608 2383 indigere,
638 2312 705 2360 nec
732 2310 820 2384 opus
851 2311 956 2377 esse,
984 2300 1021 2360 ut
1047 2290 1090 2361 de
1122 2313 1189 2378 eo,
1218 2291 1394 2384 quomodo

200 2393 452 2485 intelligendae
476 2398 644 2481 veniant,
671 2395 707 2464 in
736 2393 1014 2488 qualemcunque
1043 2404 1178 2488 partem
1207 2397 1395 2487 quaestio-

200 2516 265 2566 nes
284 2498 471 2585 agitentur.
500 2495 643 2566 Interim
663 2517 753 2588 quae
780 2519 871 2567 anno
896 2498 1003 2568 1848.
1024 2497 1191 2568 conclusa
1212 2507 1304 2585 sunt,
1324 2496 1395 2566 bu-

196 2600 258 2689 jus
288 2599 392 2667 etiam
419 2595 511 2689 legis
550 2595 836 2687 mutabilitatem,
865 2602 935 2669 icto
967 2597 1110 2671 laethali
1134 2599 1305 2687 vulnere,
1333 2606 1395 2670 sat
1523 2593 1527 2598 ’

202 2720 378 2796 superque
398 2698 537 2772 effectui
557 2698 739 2770 dederunt.

724 2927 760 3014 §.
790 2931 875 3002 411.

386 3080 482 3149 Jure
500 3080 617 3168 Regia
635 3083 740 3148 carce
761 3080 924 3150 Comitio
942 3083 981 3148 ia
1001 3078 1210 3169 complesse

304 3222 413 3314 Regis
441 3221 643 3317 Huugariae
671 3223 895 3313 Majestatom
921 3223 1006 3294 Jura
1034 3223 1193 3313 ejusdem
1217 3224 1253 3293 in
1273 3218 1396 3293 Comi-

202 3326 281 3414 tiis,
310 3323 480 3418 Populum
497 3327 703 3396 universum
720 3326 1095 3418 repraesentantibus,
1125 3347 1224 3420 quam
1245 3326 1395 3395 maxime
1428 3377 1447 3394 .

200 3427 350 3499 reddunt
379 3429 622 3520 conspicuam,
653 3426 764 3520 Regis
793 3449 931 3521 nempe.
950 3429 1006 3517 (ut
1034 3451 1123 3522 quae
1153 3430 1301 3520 sparsim
1330 3426 1397 3495 hoc

202 3533 316 3627 capite
336 3537 673 3617 commemorantur,
693 3529 756 3600 sub
776 3550 846 3599 uno
866 3532 1034 3599 sistantur
1060 3529 1266 3621 complexu)
1285 3547 1396 3621 prae-

200 3644 256 3706 ter
276 3635 486 3704 eminentem
513 3669 566 3682 -
594 3630 774 3703 limitatam
802 3630 887 3701 licet
904 3669 956 3682 —
982 3633 1019 3700 in
1039 3629 1231 3702 condendis
1258 3628 1397 3721 legibus

201 3739 468 3820 auctoritatem,
498 3732 611 3805 solius
643 3744 699 3805 est
726 3733 790 3804 Jus
818 3731 1153 3823 convocandorum,
1191 3754 1397 3828 prorogan-

202 3839 347 3924 dorum,
376 3846 435 3906 aut
465 3835 773 3908 dissolvendorum
801 3834 917 3927 Regni
946 3846 1201 3924 conventuum,
1231 3856 1308 3904 cum
1328 3833 1396 3904 de-

202 3942 401 4030 signatione
424 3939 513 4025 looi,
542 3959 583 4008 ac
612 3941 793 4033 temporis.
836 3937 892 4008 Ad
918 3940 1018 4029 regia
1046 3937 1130 4008 Jura
1152 3940 1306 4031 pertinet
1326 3934 1396 4006 ob-

196 4041 294 4130 jecta
313 4038 475 4111 diaetalia
494 4061 724 4136 proponere,
753 4040 946 4133 horumque
973 4044 1286 4135 pertractationem
1311 4040 1395 4108 exi-

200 4162 299 4236 gere.
341 4140 396 4212 Ab
435 4164 478 4215 eo
516 4146 621 4216 etiam
657 4142 832 4239 dependet
868 4142 1094 4233 ratihabitio,
1121 4140 1183 4214 vel
1216 4142 1393 4213 recusatio

202 4287 402 4300 m

229 4354 256 4425 ⁸)
275 4351 353 4414 1492.
371 4353 414 4416 tt.
