3094 4868
246 243 324 353 co

249 421 404 520 paranda
422 421 525 495 hinne
544 420 733 513 gremiales
753 413 1045 520 Commissienes,
1073 413 1467 493 Ecclesiasticavide-

249 527 351 612 licet,
380 535 435 614 et,
471 544 574 616 quam
602 541 707 616 supra
736 520 915 612 dixeram,
954 520 1155 596 Studiorum
1165 566 1179 612 ,·
1213 521 1293 594 dein
1321 525 1464 614 regiae

113 683 118 688 .
249 627 450 701 Studiorum
476 623 703 696 Directiones
730 643 841 716 penes
867 623 1078 696 Academias
1098 643 1163 715 per
1181 623 1343 716 Regnum
1364 625 1463 694 col-

247 729 397 802 locatae.
424 723 482 798 Ad
499 723 678 796 Bonorum
696 723 844 796 Politice
871 721 1174 797 Fundationalium
1193 724 1460 797 Oeconomiam

249 828 517 926 procurandam,
535 847 651 920 neque
670 837 753 898 actu·
768 823 1013 900 desiderantur
1032 829 1255 900 oeconomici
1269 827 1461 900 Praefecti

249 954 326 1004 cum
345 932 498 1002 caeteris
516 925 751 1015 officialibus,
777 948 842 1022 pro
861 927 1027 1002 Juridieis
1058 923 1249 1003 Causarum
1266 929 1459 1018 Direetor,

250 1044 285 1103 et
315 1028 512 1121 Causidici,
554 1049 644 1125 quos
676 1027 810 1101 Forum·
836 1027 994 1104 Fiscales
1024 1025 1129 1118 dicit;
1166 1035 1203 1105 in
1234 1030 1460 1122 adjutorium

249 1133 386 1206 demum
414 1130 708 1206 administrandae
735 1130 802 1202 Rei
828 1130 953 1204 aedilis
980 1133 1254 1222 commerciahs,
1282 1132 1456 1226 postelis,

250 1257 442 1324 censurae,
472 1235 654 1321 sanitatis,
682 1231 905 1304 facilitandae
923 1232 1186 1332 navigationis,
1213 1237 1457 1305 oeconomiae

246 1336 408 1432 publicae
436 1336 594 1406 Directio
621 1332 827 1428 hydraulica
847 1336 1018 1427 -aedilis,
1044 1329 1295 1407 Praefecturae
1315 1336 1456 1408 Pasta-

246 1459 335 1527 rum,
352 1435 665 1524 Proto-Medicum
686 1434 749 1508 sed
767 1435 964 1512 Revisores
982 1437 1180 1528 Librorum,
1193 1435 1455 1531 Censuraeque

249 1542 506 1634 praeventivae
524 1537 722 1632 Collegium
742 1536 872 1610 abolita
891 1551 982 1614 sunt.
1044 1587 1049 1592 -
1135 1592 1140 1602 .

767 1743 804 1829 §.
833 1745 919 1816 675.

598 1890 822 1964 Gubernator
847 1891 1101 1966 Flumineam.

355 2055 458 2132 Nulla
478 2071 592 2134 autem
610 2063 749 2135 ratione
769 2059 979 2135 Guhernium
998 2067 1134 2158 regium
1145 2063 1384 2153 Fluminense,
1404 2087 1450 2136 ac

249 2164 358 2235 totius
377 2161 556 2238 Littoralis
584 2164 767 2258 hungarici
785 2161 843 2235 hic
860 2171 1046 2259 praeteriri
1065 2177 1203 2261 potest,
1231 2187 1296 2261 per
1313 2168 1449 2258 Augu-

248 2275 337 2336 stam
358 2263 502 2337 hlariam
521 2267 726 2339 Theresiam
752 2266 919 2338 Praeside
950 2265 1194 2342 Gubernatore
1212 2288 1289 2338 eum
1306 2270 1447 2360 prima-

246 2367 320 2453 rio,
348 2367 569 2464 caeterisque
587 2366 843 2442 Assessorihus
872 2379 1028 2441 erectum
1054 2372 1157 2462 (38),
1177 2369 1447 2461 subjectumque

245 2469 283 2539 in
303 2467 452 2556 objectis
484 2470 711 2565 cathegorias
742 2467 909 2566 politicae
941 2467 1099 2545 Consilio
1128 2470 1446 2544 Locumtenentiali

246 2569 386 2662 Regio,
414 2593 485 2643 non
504 2576 586 2644 item
615 2571 730 2665 quoad
749 2571 870 2644 stricte
898 2571 1379 2660 maritimo-commercialia,
1409 2581 1447 2642 et

245 2669 327 2740 lites
358 2671 765 2764 cambio-mercantiles,
802 2671 864 2743 vel
895 2672 1106 2749 Consulatus
1137 2678 1254 2747 maris.
1291 2672 1446 2765 Reliqua

245 2770 367 2842 Cilicia
385 2771 618 2848 Fluminensis
639 2773 818 2861 Gubernii,
835 2773 1029 2870 horumque
1058 2779 1194 2870 agenda
1213 2774 1350 2848 referre
1364 2774 1441 2862 jam

244 2891 317 2942 non
345 2873 509 2966 expedit,
543 2899 633 2974 quae
662 2876 817 2973 alioquin
856 2897 903 2949 ex
933 2877 1126 2951 eorundem
1153 2874 1444 2975 nomenclatione

246 2969 352 3045 facile
381 2973 539 3048 divinare
565 2979 659 3052 licet.

706 3173 867 3266 Caput
888 3174 976 3248 lv.

410 3311 466 3392 tie
492 3305 1056 3416 iurisdictionibus-Regni
1082 3309 1284 3420 puhlicis.

761 3462 799 3551 §.
828 3465 914 3539 676.
1304 3461 1307 3466 ’

444 3713 446 3716 ¹
541 3614 640 3703 Quae
660 3613 882 3688 sor-adeon
911 3621 950 3688 in
973 3623 1139 3709 genere?

346 3766 400 3836 De
429 3763 737 3848 ‚iurisdictionibus
776 3761 1074 3858 Regnipuhlicis
1103 3775 1185 3836 ante
1214 3766 1329 3835 omnia
1359 3767 1447 3857 quid

243 3867 346 3940 nohis
364 3866 433 3938 hoc
451 3867 648 3960 significatu
666 3866 808 3952 veniat,
838 3867 916 3936 sive
934 3869 1052 3959 potius
1069 3875 1238 3953 venerat,¹
1251 3864 1445 3958 explican-

246 3967 325 4041 dum
344 3989 426 4040 esse
443 3969 560 4041 video.
588 3961 791 4040 Jurisdiotio
812 3967 904 4036 enim
923 3987 1033 4040 sensu
1052 3969 1236 4054 communi,
1254 3969 1444 4060 magisque

191 4143 194 4148 ,
244 4067 421 4158 ohjective
456 4093 521 4165 pro
550 4076 727 4165 potestate
759 4070 925 4158 sumitur,
963 4068 1158 4163 publicam,
1191 4071 1444 4163 ,privatamque

244 4166 380 4258 Civium
407 4170 609 4242 felicitatem
631 4166 824 4260 legalibus,
851 4179 887 4240 et
913 4170 1052 4242 idoneis
1079 4171 1191 4244 modis
1209 4165 1443 4264 procurandi,

245 4279 349 4362 atque
385 4274 436 4342 sic
465 4271 615 4343 definata
644 4292 708 4365 pro
740 4270 947 4358 activitatis,
984 4272 1198 4366 limitumque
1230 4271 1443 4342 diversitate

245 4373 452 4442 eminens
480 4382 547 4461 est,
573 4371 635 4444 vel
661 4369 882 4460 delegata
901 4370 1168 4462 ordinaria,
1194 4371 1254 4448 uel
1282 4379 1442 4444 extra-
