3094 4868
199 233 275 315 228

199 405 495 500 inDistrictibus,
524 405 662 502 oppidis
690 404 907 497 maioribus,
933 405 1026 480 locis
1054 406 1206 503 denique
1223 405 1404 482 ruralibus

198 511 402 608 proferam,
430 510 521 596 banc
547 514 642 582 enim
670 511 851 580 materiam
878 511 913 582 iu
943 509 1209 605 superioribus,
1251 532 1329 582 oum
1357 509 1405 580 de

201 615 271 686 illis
300 609 612 686 Communitatibus
641 608 881 699 disserebam,
909 621 1086 706 utcunque
1115 616 1313 707 occupavi,
1340 611 1405 684 vel

204 726 303 788 certe
322 737 370 786 ex
387 716 575 808 annalogia
603 735 744 801 eorum,
772 733 863 806 quae
883 711 927 784 de
952 711 1262 786 iurisdictionibus
1281 712 1405 810 publi-

204 821 279 906 cis,
306 815 504 910 modoque,
532 818 567 887 in
588 812 839 904 comitatibus,
866 813 1058 908 liberisque
1078 812 1287 886 Civitatibus
1307 819 1403 885 circa

202 922 347 1011 negotia
366 916 613 1012 pertractanda
631 922 761 990 usitato
780 915 894 988 fusius
913 917 1169 1011 explicuimus,
1198 919 1316 1009 quivis
1341 915 1404 985 fa-

202 1023 272 1092 cile
303 1017 496 1106 divinabit,
533 1029 571 1090 ut
602 1019 694 1093 adeo
718 1017 933 1112 superfluum
962 1018 1079 1106 soret,
1106 1029 1274 1114 repetere
1304 1017 1404 1107 talia,

203 1145 293 1216 quae
313 1123 543 1214 caeteroquin
570 1131 629 1192 aut
658 1119 911 1193 antecedenter
929 1120 1020 1198 bano
1037 1124 1073 1190 in
1090 1140 1166 1192 rem
1194 1119 1403 1208 dictasunt,

204 1234 262 1294 aut
280 1245 345 1318 per
363 1245 403 1294 se
422 1221 671 1294 inclarescunt.
701 1222 740 1293 ld
758 1243 864 1293 uuum
883 1222 1089 1317 simpliciter
1106 1225 1263 1292 reticere
1282 1221 1405 1308 nolim,

201 1325 332 1396 ultimis
351 1322 510 1396 comitiis
528 1322 701 1416 legalibus
727 1329 763 1395 in
789 1324 966 1394 electione
994 1323 1284 1414 Magistratuum,
1311 1342 1405 1414 quos

202 1438 307 1498 antea
325 1425 441 1518 Regni
459 1426 638 1498 Palatinus
657 1423 871 1513 nominabat,
892 1424 1060 1520 deinceps
1079 1424 1287 1519 popularem
1300 1423 1407 1493 elec-

201 1532 335 1600 tionem
370 1549 452 1600 essc
484 1525 717 1620 substitutam,
745 1526 1032 1622 ordinatumque,
1060 1525 1150 1597 banc
1177 1525 1297 1620 patule
1324 1523 1407 1596 fore

202 1628 452 1722 peragendam.

656 1829 818 1913 caput
838 1826 955 1898 vn.

481 1959 536 2044 lte
562 1959 788 2044 institutis
815 1958 1126 2047 dccououicls.

727 2116 765 2203 §-
795 2119 881 2190 717.

548 2268 665 2359 Oropo
698 2268 883 2340 Gamerae
908 2267 1061 2358 Rept'oe.

304 2416 491 2488 Aerarium
500 2413 664 2509 Regium,
683 2420 923 2510 universaque
933 2425 1172 2512 proventuum
1183 2413 1405 2512 publicorum

204 2519 495 2609 Administratio,
523 2524 559 2590 in
577 2517 778 2616 primordiis
807 2521 1084 2591 'lavernioorum
1111 2520 1297 2612 Regalium
1321 2516 1405 2587 bla-

204 2625 317 2714 gistro
355 2621 559 2693 concredita
596 2620 709 2694 luisse
737 2620 878 2694 videtur
916 2621 1045 2710 (236),
1084 2631 1210 2715 postea
1239 2619 1404 2691 distincto

204 2722 440 2794 Thesaurario
459 2721 574 2815 Regio
594 2719 646 2812 ἰ).
661 2721 954 2794 constituebatur
971 2723 1029 2792 hic
1057 2723 1139 2793 olim
1157 2720 1363 2816 plerumque
1383 2741 1404 2790 e

205 2823 305 2899 Statu
323 2823 576 2910 Praelatorum,
606 2823 720 2893 donec
746 2824 914 2895 videlicet
931 2823 1128 2896 Viennensi
1155 2823 1404 2893 Pacifioatione

205 2934 419 2996 conventum
439 2933 514 3012 est,
541 2933 580 2994 ut
609 2923 865 2997 Theseurarius
884 2946 956 2996 non
975 2935 1074 2997 esset
1091 2927 1160 2998 uisi
1179 2932 1281 2995 natus
1300 2921 1403 2993 Hun-

203 3046 326 3118 garus,
345 3028 447 3120 isque
466 3024 646 3100 secularis
677 3025 722 3115 ⁸).
742 3024 771 3096 E
788 3049 829 3097 re
848 3037 965 3098 autem
983 3029 1157 3099 communi
1174 3023 1408 3097 existimaba-

203 3136 262 3198 tur
290 3127 465 3218 luturum,
503 3127 617 3200 eidem
648 3125 829 3217 adjutores
866 3128 1017 3218 addere,
1055 3148 1203 3221 quorum
1240 3126 1407 3216 consilio,

206 3240 311 3324 atque
330 3252 440 3326 opera
458 3231 493 3299 in
516 3227 687 3301 obeundis
720 3232 874 3301 muneris
899 3232 954 3301 sui
971 3228 1128 3326 partibus
1148 3237 1308 3300 uteretur
1325 3223 1406 3318 “),

205 3354 253 3402 ex
270 3354 339 3425 quo
359 3330 486 3402 deindo
514 3334 657 3420 evenit,
695 3340 732 3400 ut
758 3329 1052 3404 Thesaurariatus
1082 3330 1230 3402 formam
1253 3328 1407 3402 induerit

203 3433 415 3522 Dicasterii,
454 3433 510 3501 cui
550 3429 778 3503 Gamerae
822 3431 1007 3524 Regiae
1043 3431 1320 3524 Hungarico
1354 3467 1408 3482 --

204 3533 403 3607 Aulicae
431 3554 562 3605 noman
589 3533 732 3608 inditum
762 3543 838 3621 cst,
867 3535 1026 3624 ejusdem
1051 3533 1262 3631 Praeposito
1289 3543 1407 3603 autem

205 3635 416 3730 aliquamdiu
451 3633 705 3706 Praefecti
742 3629 981 3727 Gamerae,
1020 3639 1136 3710 scrius
1177 3633 1408 3707 Gamerae

203 3737 453 3811 Praesidio
481 3757 611 3832 nomeu
638 3735 811 3808 adhaesit

247 3859 387 3942 *)r0st
416 3877 530 3920 annum
563 3859 656 3924 1681.
698 3859 810 3922 titulus
850 3861 1054 3923 Thessal-arii
1098 3861 1131 3924 in
1171 3861 1411 3923 desuetudinem

291 3945 427 4022 abierat,
458 3963 555 4025 usque
586 3965 702 4007 aunum
732 3945 852 4026 prioris
876 3946 975 4008 seculi
1003 3945 1245 4048 octuagesimum
1269 3947 1412 4023 tertium,

290 4050 309 4092 a
339 4051 399 4111 quo
429 4030 584 4111 Dignitati
616 4030 765 4094 Gamerae
796 4030 957 4095 Praesidis
999 4033 1045 4094 sio
1074 4033 1188 4094 iterum
1220 4029 1410 4132 conjunctus

289 4118 421 4193 uisitur,
456 4125 491 4178 ut
513 4116 589 4178 Vico
593 4115 756 4180 ·Praesidi
780 4125 890 4198 postca
911 4136 974 4181 uua
995 4115 1094 4180 Vicc-
1096 4117 1302 4182 Thesaurarii
1325 4115 1411 4196 regii

291 4204 417 4266 dmctur
439 4199 563 4266 titulus.

197 4324 415 4345 ὴμ-

211 4373 260 4456 ο“)
279 4393 356 4480 Ι1606.
377 4399 401 4452 t.
421 4403 450 4452 at
467 4397 527 4450 alliu
546 4403 644 4465 postet
662 4397 779 4468 legibus.
