3124 4868
1258 235 1328 312 137

126 403 317 480 Provincia
337 395 504 476 Coronae
523 409 646 499 erepta
668 401 913 500 recuperanda
931 403 1067 495 morat,
1094 404 1131 478 in
1150 403 1328 500 copiarum

126 508 187 582 vel
204 507 339 580 Ducum
358 506 502 579 arbitrio
516 508 672 596 stetisse,
691 529 711 578 a
731 516 861 603 eoepto
881 513 1019 583 tramite
1039 508 1227 596 desistere,
1247 531 1328 580 me-

128 611 295 705 diumque
322 612 551 683 victoriarum
581 629 720 681 cursum
749 633 826 681 eum
845 611 1032 684 manifesto
1061 611 1237 707 persaepe
1255 610 1328 682 Pa-

128 715 218 785 triae
237 712 396 808 perioulo
417 712 647 808 abrumpere3
676 713 966 807 quemadmodum
985 713 1055 786 hoo
1074 722 1247 785 assertum
1264 735 1330 809 per

126 837 166 892 se
197 819 282 890 satis
312 815 516 912 explicitum
544 816 729 908 ingressus
755 815 799 890 ad
828 825 1165 912 supramemoratum
1203 815 1330 910 Rege-

127 929 239 994 strum
258 915 487 1011 sigismundi,
515 939 583 994 neo
601 940 673 996 nou
691 919 872 994 Articulus
893 917 1052 1012 eJusdem
1073 919 1131 994 26.
1152 914 1215 1010 as)
1234 917 1329 991 belle

132 1020 318 1094 admodum
336 1020 530 1094 confirmet.

174 1143 213 1230 ²⁸)
237 1147 285 1209 lta
307 1144 428 1208 Alberti
451 1145 547 1227 Regis
569 1145 702 1210 Decreto
733 1148 772 1210 ed
794 1146 929 1210 litterem
944 1145 1129 1230 oevetur⁸),
1151 1152 1203 1222 ut3
1227 1145 1331 1223 „Dum

219 1252 315 1313 „vero
346 1230 531 1295 necessitate
565 1242 694 1314 urgente
732 1235 900 1298 exercitum
937 1231 1111 1316 generalem
1144 1231 1331 1312 proolemeri

214 1318 411 1401 „eontigerit
434 1327 507 1381 tune
529 1319 659 1382 Nobiles
673 1319 774 1402 Regni
796 1321 879 1384 ultre
900 1329 1009 1398 metes,
1032 1317 1214 1384 etconnnia
1228 1319 1329 1400 Regni

215 1407 328 1487 „inviti
362 1424 447 1468 more
481 1405 737 1469 exereituentium
771 1427 833 1470 non
868 1409 1039 1484 ducentur,
1073 1406 1200 1487 entique
1221 1424 1329 1468 eorum

215 1493 380 1573 „libertate
409 1493 620 1573 requirente.“
644 1489 728 1555 ldem
759 1493 914 1557 Vledislei
939 1494 977 1559 ll.
1001 1493 1135 1573 primum
1149 1491 1185 1576 ¹t)
1209 1500 1239 1554 et
1261 1500 1330 1556 ter-

215 1582 292 1644 tium
311 1578 342 1660 ⁰)
359 1577 561 1659 sequentibus
580 1578 775 1659 exprimunt:
800 1580 993 1658 „Preelatos,
1012 1581 1162 1655 Berones,
1178 1586 1208 1641 et
1225 1587 1331 1660 oeetef

219 1685 293 1746 „ros
309 1666 439 1728 Nobiles
462 1666 588 1728 induote
610 1666 748 1748 genereli
771 1667 873 1749 Regni
894 1666 1127 1736 lnsurreotione
1143 1664 1226 1727 ultre
1243 1664 1330 1727 limi-

216 1761 285 1832 „tes
309 1752 419 1833 Regni,
442 1751 505 1814 nisi
527 1753 591 1832 ipsi
613 1752 721 1829 velint,
744 1753 832 1816 nullo
855 1754 887 1815 iu
912 1773 985 1816 nasu
1009 1753 1056 1815 ire
1073 1751 1217 1834 obligari,
1240 1752 1343 1813 enti-·

216 1859 298 1920 „que
320 1857 426 1900 eorum
450 1838 591 1900 libertate
614 1838 646 1900 id
670 1841 859 1919 requirente,
882 1841 993 1902 demtis
1017 1846 1121 1900 temen
1144 1838 1197 1913 iis,
1221 1837 1273 1917 qui
1299 1837 1332 1900 in

215 1923 350 2001 „militie
373 1923 460 2004 regie
481 1924 638 2002 stipendia
654 1929 880 1990 mererentur.“
903 1925 1049 1988 nonalis
1069 1923 1332 1988 constitutionem

212 2009 351 2072 Methiae
383 2008 515 2072 Corvini
545 2018 627 2070 uerte
659 2010 785 2071 durium
819 2011 978 2088 regiorum
1008 2008 1200 2072 tenacissimi
1214 2009 1251 2092 i)
1275 2029 1332 2070 se-

214 2104 365 2176 quentem.
388 2092 541 2170 „Quando
566 2094 718 2156 Dominus
741 2096 807 2156 Rex
830 2114 898 2157 oum
920 2094 1086 2169 Praelatio,
1110 2102 1139 2156 et
1152 2094 1329 2157 Beronibus

214 2181 304 2260 „suis
327 2178 536 2260 personeliter
568 2182 606 2242 ed
642 2180 915 2243 exereituationem
948 2179 1207 2260 qualemcunque,
1238 2182 1330 2243 rnodo

213 2274 420 2349 „praenotato
444 2285 502 2329 sue
524 2267 697 2343 Benderie,
721 2275 750 2328 et
773 2267 926 2329 dietorum
950 2285 1080 2329 suorum
1104 2265 1330 2343 Praelatorum,

172 2380 182 2398 .
216 2363 267 2434 „et
289 2355 445 2417 Beronum
479 2352 611 2416 levendo
642 2352 872 2435 proficiscitur,
901 2374 938 2416 ex
969 2361 1042 2415 tune
1073 2354 1166 2414 etiem
1190 2353 1331 2416 universi

214 2441 366 2519 „Nobiles
384 2440 482 2521 Regni
502 2438 637 2524 majores
655 2441 784 2517 scilieet,
807 2449 838 2503 at
853 2441 991 2504 minores
1006 2459 1074 2503 oum
1088 2459 1197 2504 eorum
1217 2441 1333 2503 Genti-

214 2530 296 2605 „bus
326 2526 566 2589 exercitualibus
606 2528 838 2590 connumeretis
884 2526 1092 2608 personaliter
1122 2547 1191 2590 oum
1225 2529 1332 2589 eodem

215 2612 370 2688 „Domino
394 2612 476 2694 Rege
496 2609 587 2696 juxte
609 2616 866 2676 consuetudinem
883 2615 1039 2694 entiquem
1063 2631 1185 2692 usque
1208 2621 1331 2674 metas

215 2697 367 2780 „Regni
400 2705 562 2760 tentum
608 2699 914 2779 unusquisque
960 2702 1181 2761 seeundum
1216 2717 1330 2762 suurn

215 2803 362 2866 „posse
395 2784 458 2846 ire
492 2791 702 2862 teneatur,
737 2793 766 2848 et
800 2785 974 2866 dum'ipse
1010 2785 1164 2847 Dominus
1198 2783 1261 2847 Rex
1292 2786 1329 2846 de

212 2869 414 2954 „hujusmodi
449 2871 587 2934 exercitu
627 2873 730 2935 redire
758 2871 904 2948 voluerit,
940 2871 1125 2953 Reguioolae
1160 2871 1224 2951 ipsi
1258 2889 1328 2934 oum

215 2959 343 3034 „eodem
365 2956 471 3020 redire
494 2957 634 3035 veleent,
666 2958 702 3022 si
732 2977 821 3021 vero
853 2957 966 3020 ultre
995 2965 1033 3019 et
1063 2966 1181 3020 extra
1203 2964 1330 3020 metes

214 3040 359 3125 „liujus
381 3042 507 3124 Regni
529 3042 817 3121 personaliter
846 3043 1112 3106 exereituere
1135 3041 1330 3118 voluerit,

215 3125 505 3205 „Universitas
528 3127 741 3190 Nobilium
777 3126 911 3210 juxta
944 3126 1331 3189 consuetudinem

215 3213 364 3295 „Regni
400 3212 511 3274 ultre
543 3211 661 3294 ipses
697 3221 825 3276 metas
860 3232 943 3275 eum
981 3231 1025 3274 eo
1066 3211 1333 3275 exereituare

216 3318 312 3374 „non
347 3305 555 3376 teneatur,
590 3300 645 3361 sed
679 3307 786 3380 gentes
820 3298 963 3381 ipsorum
998 3304 1236 3361 connumeratae
1271 3298 1330 3360 sub

215 3386 329 3464 „duetu
353 3383 594 3464 capitaneorum
617 3385 703 3461 illue,
726 3403 785 3465 quo
809 3385 907 3466 Regia
929 3381 1083 3468 Majestes
1104 3383 1251 3462 voluerit,
1275 3385 1330 3446 in-

216 3472 287 3550 „ire
309 3471 409 3532 dietas
432 3478 496 3534 tres
519 3489 642 3534 menses
667 3473 818 3554 integros,
841 3480 870 3534 et
893 3489 955 3532 non
979 3471 1113 3551 emplius
1139 3471 1331 3534 exereituere

216 3559 435 3635 ‚,teueentur.“

153 3663 214 3747 Μ)
236 3666 358 3729 Priorie
382 3665 497 3743 verbe,
520 3683 597 3746 quse
619 3663 652 3728 in
677 3683 741 3726 rem
764 3663 899 3739 leniunt,
922 3664 997 3728 haee
1019 3673 1110 3728 sunt:
1137 3666 1237 3741 „ltem
1261 3663 1334 3746 quin

215 3754 329 3829 „etiam
352 3753 417 3816 Rex
440 3750 623 3834 Hungariae
647 3751 747 3814 utitur
770 3751 853 3814 ultre
876 3751 1000 3814 titulum
1027 3753 1128 3834 Regni
1150 3752 1333 3835 Hungeriee

215 3839 348 3914 „horum
381 3841 559 3920 Regnorum
593 3837 713 3913 titulis,
758 3837 903 3900 videlieet
936 3837 1129 3915 Dalmatiae,
1174 3838 1331 3916 Orontiee,

123 3950 125 3955 ¹
217 3925 364 4004 „Remue,
387 3926 527 3999 serviae,
552 3923 700 3999 Gelioiee,
723 3921 942 4001 L'odomeriee,
966 3923 1148 4002 Cumauiae,
1172 3924 1330 4007 etRulga-

215 4011 320 4087 „riee‚
364 4032 442 4093 qnae
472 4011 592 4074 soilioet
620 4009 728 4092 Regna
757 4017 831 4072 sunt
863 4010 901 4072 ab
934 4013 1061 4092 antiquo
1092 4011 1191 4074 eidem
1221 4009 1330 4094 Regno

127 4123 344 4135 —u——

160 4165 185 4222 ¹)
208 4162 285 4218 ruso.
305 4165 330 4216 e.
439 4233 440 4236 p

159 4247 187 4307 ¹³)
206 4246 285 4300 reon.
305 4250 348 4302 re.

49 4366 51 4368 -
162 4331 187 4396 e)
209 4332 287 4386 rues.
308 4337 349 4388 rr.

96 4427 100 4436 “
161 4415 187 4483 l)
206 4422 283 4474 Alias
301 4436 380 4490 prov.
399 4419 476 4478 niue.
496 4421 538 4476 it.
557 4451 589 4463 -
610 4422 670 4476 vid.
688 4423 716 4476 iu
737 4421 894 4478 liovaeblob
914 4421 991 4488 vent.
1010 4422 1107 4477 centn
1125 4436 1152 4490 p.
1171 4421 1233 4478 339.
