3144 4860
1273 247 1322 324 83

127 419 241 501 solute
260 415 683 496 exercendorumlurium
692 417 993 511 Maiestaticorum
1009 428 1143 513 partem
1154 417 1247 513 Regi
1258 441 1324 516 per

126 523 310 596 solennem
337 525 430 595 sacri
456 522 573 614 Regni
599 520 804 596 diadematis
830 525 1092 618 impositionem
1119 527 1325 596 accrevisse

126 623 310 700 docebant.
339 623 378 698 Si
405 625 497 698 enlm
522 625 624 717 leges
651 623 801 714 ferendi,
828 624 1032 718 abrogandi,
1068 625 1324 718 interpretandi

125 736 287 819 potestas
324 727 477 820 Principi
512 735 644 797 tantum
685 727 913 818 legitime
961 730 1208 800 coronato
1246 749 1325 798 cum

126 827 295 916 statibus,
322 837 358 898 et
385 826 571 900 Ordinibus
590 830 782 900 communis
801 850 884 902 esse
915 829 961 918 ¹),
990 831 1021 900 si
1049 830 1208 902 eminens
1226 827 1326 918 illud,

127 940 232 1024 atque
259 929 480 1002 exclusivum
506 928 570 1002 lus
596 931 732 1023 regium
757 931 946 1024 privilegia
979 927 1187 1002 conferendi
1212 947 1327 1023 penes

127 1029 239 1104 solam
256 1031 413 1123 legitime
433 1041 638 1104 coronatam
654 1031 804 1124 Regiam
820 1031 1045 1121 lllaJestatem
1061 1050 1273 1124 permanere
1291 1028 1327 1121 b)

128 1135 311 1234 statuitur,
345 1133 377 1204 si
402 1153 474 1207 non
501 1142 570 1205 tam
596 1132 642 1204 ad
667 1133 938 1228 auspicandum,
972 1153 1075 1227 quam
1100 1131 1261 1224 legibus,
1288 1139 1327 1202 et

127 1235 241 1329 pactis
259 1235 387 1306 mutuis
407 1231 637 1307 conformiter
653 1235 939 1329 prosequendum
955 1231 1144 1328 Imperium
1156 1233 1328 1307 inamisse

129 1333 355 1429 requirebant
372 1335 486 1428 leges,
507 1346 545 1407 ut
563 1333 756 1407 Coronatio
774 1340 843 1408 ritu
860 1337 969 1426 legali
988 1334 1145 1406 obtineat
1175 1335 1222 1425 ἡ,
1240 1353 1328 1406 saue

126 1439 207 1526 jure
235 1436 347 1524 aliud,
376 1447 412 1506 et
439 1458 517 1507 cum
542 1439 696 1509 veritate
723 1439 939 1531 propugnari
965 1438 1029 1507 vix
1058 1443 1199 1527 potest,
1226 1455 1330 1527 quam

131 1537 224 1632 quod
256 1537 492 1610 haereditario
526 1538 619 1632 Regi
644 1576 696 1589 -
721 1541 926 1631 praemissis
962 1535 1099 1629 Regiae
1134 1533 1329 1611 Potestatis

133 1638 305 1712 attributis
323 1641 468 1735 reliquis
486 1643 699 1712 inconcusse
717 1641 801 1713 licet
817 1636 1166 1734 permanentibus-
1181 1638 1328 1709 exerci-

132 1743 217 1812 tium
244 1744 356 1813 omnis
383 1740 609 1835 plenitudinis
630 1742 767 1832 Regiae
787 1741 979 1813 Potestatis
1006 1761 1070 1833 per
1099 1747 1213 1810 aetum
1230 1738 1330 1830 legi·

131 1845 236 1913 timae
263 1842 513 1915 coronationis
541 1845 634 1913 omni
662 1846 716 1913 sui
742 1852 842 1935 parte
870 1843 1075 1913 accesserit.
1112 1840 1230 1934 Atque
1258 1841 1330 1911 isto

133 1948 275 2016 omnino
295 1961 403 2014 sensu
422 1937 569 2012 Comitia
598 1962 795 2034 supremam
820 1951 1033 2034 potestatem
1053 1940 1096 2010 de
1114 1939 1196 2031 lege
1214 1938 1332 2033 Regni

133 2045 222 2116 solis
249 2045 407 2132 legitime
434 2043 615 2112 coronatis
641 2032 799 2132 Regibus
827 2049 1031 2134 competere
1059 2038 1178 2110 dicunt
1207 2036 1254 2130 d).

421 2308 483 2382 Ad
509 2189 809 2382 coronuloabla
834 2307 1047 2400 legitimam.

238 2455 444 2551 Ubicunque
472 2458 632 2527 coronati
658 2454 770 2550 Regis
799 2457 929 2528 mentio
957 2445 993 2526 in
1011 2452 1151 2550 legibus
1171 2455 1327 2528 occurrit

138 2556 218 2626 huie
246 2554 415 2628 Ἐπίθετον
450 2557 501 2628 le
520 2561 605 2651 git
624 2559 636 2626 i
654 2581 687 2630 m
706 2573 731 2629 e'
772 2557 850 2629 fere
888 2579 1030 2652 semper
1065 2555 1218 2629 additum
1253 2556 1335 2630 illas

139 2661 340 2731 revolventi
357 2662 517 2752 protinus
547 2656 739 2753 apparebit.
758 2657 835 2730 Hoc
853 2670 968 2731 autem
984 2658 1183 2752 significatu
1202 2679 1252 2754 op
1263 2680 1336 2730 or-

140 2770 210 2832 tet
237 2763 474 2854 imprimis
502 2759 733 2832 absolute
769 2760 932 2832 illum
969 2763 1337 2855 inaugurari,

142 2881 268 2954 quem
296 2861 550 2934 stabilitus
587 2861 884 2934 succedendi
920 2861 1034 2935 ordo
1062 2861 1337 2935 immediate

138 2963 192 3032 ad
228 2963 551 3054 gubernacula
587 2974 748 3052 vocat,
789 2985 869 3034 nam
905 2963 999 3037 istud
1036 2967 1067 3036 si
1100 2961 1336 3055 desideretur,

137 3061 196 3132 fac
222 3085 471 3158 supponamus,
497 3067 633 3158 reliqua
660 3064 800 3155 adesse,
829 3077 865 3136 et
893 3062 1078 3138 observari
1097 3087 1144 3136 ex
1167 3064 1337 3156 moribus,

137 3167 368 3259 institutoque
395 3166 567 3257 lllajorum
595 3171 726 3239 omnia:
756 3165 948 3239 Coronatio
977 3176 1130 3240 attamen
1157 3163 1249 3237 haud
1266 3188 1338 3237 un-

139 3286 243 3358 quam
259 3267 414 3358 legitima
432 3267 609 3339 reddetur.
638 3268 811 3340 Deinde
837 3279 883 3343 ut
908 3272 951 3341 in
977 3267 1163 3363 publico
1191 3266 1341 3364 Regni

140 3366 378 3439 C‘onventu
414 3369 539 3438 intra
574 3369 721 3462 Regni
759 3371 978 3444 ambitum
1017 3391 1148 3443 sacra
1184 3369 1341 3464 Regni

140 3463 292 3538 coron
304 3491 336 3557 a,
355 3467 391 3539 id
412 3477 468 3540 ost
493 3489 536 3538 ea
553 3471 643 3562 ipsa,
660 3492 727 3563 qua
744 3467 939 3543 venerandi
951 3471 1157 3561 Protoregis
1175 3481 1340 3565 tempora

138 3567 301 3642 redimita
328 3569 571 3662 luere,·ritu
596 3569 749 3664 legali
774 3578 1032 3666 peragatur.

707 3789 714 3808 .
744 3739 806 3813 95.

349 3871 474 3960 Regni
501 3871 656 3940 Corona
678 3739 831 3956 damper
855 3863 1129 3971 requirebatur.

169 4055 171 4058 ·
250 4013 382 4086 Cuncta
417 4013 506 4087 baec
540 4012 820 4118 fundamentales
857 4013 1062 4084 sanctiones
1098 4013 1262 4095 monent,
1297 4026 1345 4076 ac

178 4179 203 4240 ¹)
221 4182 291 4237 Vide
310 4190 375 4250 post
387 4185 455 4235 alios
472 4186 588 4239 Palmar.
603 4189 653 4236 art.
671 4185 713 4236 12.
732 4183 808 4233 179¹.

178 4251 207 4316 Ῑ3)
225 4255 317 4306 luatur
329 4255 448 4305 omnium
464 4255 502 4308 ult
514 4257 560 4308 cit.
577 4261 628 4306 art.
647 4257 689 4308 12.
706 4253 785 4306 1791.
