3142 4862
720 481 727 498 .
757 423 816 500 VI.

393 511 394 516 Ἰ
452 552 551 640 Quid
572 430 717 628 Formd
748 503 1066 629 Gubernotionts?

256 675 529 752 Gubernationis
547 700 637 753 vero
657 680 791 770 forma,
820 690 924 776 atque
944 681 1197 756 administratio
1228 685 1353 758 modus

152 785 243 875 ipse,
274 789 342 869 est,
370 801 440 874 quo
459 782 673 875 potentiales
703 781 846 880 Imperii
872 785 1009 879 partes'
1034 783 1226 856 efficaciam
1255 807 1353 860 suam

154 889 338 953 exercent.
367 880 542 976 Quorsum
561 883 663 956 nohis
681 883 872 956 referenda
893 896 973 956 sunt
991 883 1152 959 instituta
1174 885 1353 960 Comitio-

155 1006 253 1075 rum,
293 982 590 1076 Dioasteriorum‚
635 986 795 1058 Judiouur
830 1008 1095 1082 supremorum,
1134 989 1354 1084 aliorumque

154 1086 393 1180 legitimorum
418 1083 696 1180 Magistratuum.
724 1087 787 1160 llla
816 1110 924 1182 porro
955 1088 1072 1182 Regni
1098 1094 1135 1164 in
1161 1087 1357 1176 Comitatus

155 1187 301 1276 divisio,
327 1185 391 1258 llla
417 1208 660 1282 supremorum
688 1187 860 1262 Comitum
886 1194 1100 1281 auotoritas,
1137 1192 1202 1264 iila
1229 1192 1355 1263 deter-

154 1288 420 1378 minandorum‚
465 1291 844 1386 percipiendorumque
889 1290 1107 1385 publicorum
1150 1294 1354 1381 redituum3

153 1392 219 1464 iila
240 1392 394 1484 denique
426 1389 565 1462 Patriae
585 1390 843 1482 defendendae,
863 1391 1052 1485 militisque
1073 1393 1229 1486 legendi,
1250 1403 1355 1488 atque

155 1493 275 1566 alendi
303 1493 407 1563 ratio.
444 1490 543 1577 Quae
573 1495 689 1564 omnio
725 1491 827 1564 simul
855 1500 967 1563 sumta
996 1490 1217 1566 Gubernii
1256 1493 1354 1567 ior-

154 1617 262 1667 mam
300 1593 475 1682 efficiunt,
522 1603 557 1666 et
592 1615 671 1666 oum
705 1593 822 1688 Regni
855 1591 1127 1667 'Constitutione
1154 1598 1378 1668 arctissime-

153 1697 241 1770 iioet
268 1697 401 1786 iuncta,
446 1694 489 1768 ab
516 1694 583 1770 hae
614 1705 731 1772 tamen
749 1718 832 1788 una,
859 1705 898 1768 ut
923 1695 1081 1771 modus
1108 1720 1128 1770 a
1155 1719 1206 1788 re
1233 1699 1352 1792 ipsa,

155 1799 415 1874 disoernmrtur.

715 2000 723 2016 .
750 1945 827 2019 vri.

402 2071 637 2145 Incunabula
667 1948 835 2172 x&deitatis
862 2076 1119 2164 Honporz'coe.

260 2190 473 2268 Incunabula
519 2193 678 2270 Civitatis
715 2194 938 2288 Hungarioae
975 2202 1010 2270 in
1037 2202 1220 2293 primaevo
1248 2209 1352 2293 paeto

154 2299 321 2388 Unionis‚
349 2297 650 2392 subjectionisque
669 2296 884 2370 hauddubie
910 2298 1112 2394 quaerenda
1142 2309 1235 2388 sunt,
1264 2321 1356 2372 eon-

156 2398 374 2472 firmantibus
402 2399 438 2470 id
468 2401 572 2470 etiam
600 2401 817 2492 pervetustis
854 2399 1097 2494 scriptoribus,
1136 2399 1354 2495 Imperatore
1417 2487 1418 2490 Ἴ

158 2499 295 2574 scilieet
323 2497 554 2575 Constantino
581 2499 889 2595 Porphyrogenito
922 2502 985 2591 ⁸),
1022 2512 1126 2597 atque
1164 2493 1354 2598 Anonpmo

155 2603 266 2675 Belae
302 2601 413 2694 Regis
448 2601 597 2672 Notario
628 2596 675 2691 1’).
722 2601 815 2674 istos
852 2607 883 2674 si
910 2601 1067 2675 audimus
1093 2643 1145 2654 —-
1172 2614 1209 2674 et
1235 2604 1356 2698 quidni

158 2703 340 2776 audiamus
362 2743 414 2756 —
441 2702 579 2792 obstet,
624 2722 766 2774 oausam
792 2705 922 2776 nullam
948 2703 1055 2776 video
1091 2702 1145 2796 1).
1198 2703 1355 2794 Majores

156 2807 272 2879 nostri
290 2826 338 2875 ex
355 2805 443 2876 Asia
469 2803 608 2875 oriundi
637 2805 684 2894 ·),
725 2805 785 2898 qui
810 2810 924 2898 patrio
954 2825 993 2876 se
1020 2809 1175 2895 nomine,
1202 2807 1239 2877 in
1265 2805 1356 2880 hano

155 2929 271 3001 usque
298 2905 389 2978 diem
415 2915 570 2996 retento,
598 2904 863 3000 Mogyarok
900 2907 1044 2997 dixere,
1082 2907 1235 3001 indeque
1264 2901 1356 3003 apud

158 3007 319 3081 sraeeos
346 3007 548 3104 Scriptores
579 3004 612 3098 ³)
652 3006 825 3078 interdum
866 3007 1071 3098 Morari,
1133 3007 1356 3103 frequentius

156 3119 276 3181 tomen
303 3109 441 3181 Tur'oi
468 3119 651 3183 vocantur.
682 3106 777 3181 Gens
796 3113 831 3181 in
850 3112 1023 3205 principio
1052 3108 1249 3200 foederata,
1278 3131 1357 3180 eum

156 3229 331 3284 novarum
349 3211 485 3282 sedium
502 3209 780 3306 quaerendarum
807 3233 914 3286 causa
933 3211 997 3286 sub
1030 3219 1167 3306 septem
1184 3210 1356 3283 Ductori-

156 3311 243 3402 bus,
271 3315 308 3384 in
336 3312 481 3383 totidem
508 3312 618 3384 tribus
647 3311 782 3401 divisa,
826 3318 961 3410 patrios
998 3313 1093 3386 lares
1122 3312 1354 3404 deseruisset,

156 3415 193 3486 in
213 3435 319 3486 unam
345 3433 386 3486 se
417 3415 623 3484 societatem
650 3413 921 3512 conjungendo,
961 3415 1132 3509 quandam
1159 3415 1356 3508 Regiminis

157 3515 319 3606 formam,
347 3515 552 3608 Ducemque
581 3531 780 3606 supremum
807 3518 999 3586 constituit.
1027 3515 1127 3583 Hunc
1145 3515 1356 3610 Anonymus

129 3613 356 3706 dimum,
394 3613 652 3690 ‘Constantinus
697 3613 775 3701 ejus
803 3613 910 3689 filiurn
936 3611 1218 3710 Arpadum
1244 3612 1357 3688 fuisse

159 3728 336 3792 testantur
352 3715 429 3810 11).
1099 3755 1101 3760 ·

201 3843 239 3928 1)
263 3842 503 3906 Constantinum
526 3843 703 3924 Augustum
727 3849 756 3904 et
779 3847 878 3904 aetate
900 3859 1067 3922 supparem
1091 3847 1122 3903 et
1142 3839 1276 3902 maximo
1302 3839 1356 3904 di-

244 3949 340 4010 gnum
363 3927 432 4002 fide,
456 3927 663 3990 solertissime
677 3929 779 4008 gentis
803 3936 930 3990 nostrae
946 3927 1119 4008 primordia
1136 3925 1357 4007 descripsisse,

245 4015 383 4096 siioqoin
413 4015 467 4078 vin
499 4012 584 4076 ulios
616 4015 831 4088 controvertit.
866 4015 913 4077 ite
947 4015 1133 4096 Anonymo,
1167 4031 1256 4094 quom
1286 4031 1356 4074 oum

153 4145 358 4158 ———-

188 4192 213 4245 ⁸)
233 4195 262 4242 io
281 4193 337 4245 Lib.
356 4197 389 4246 de
407 4196 503 4248 adrnio.
521 4198 621 4262 imper.
640 4195 775 4251 additium
794 4199 956 4250 Romanius.

188 4263 215 4318 11
232 4265 353 4316 Historia
373 4275 444 4332 sept.
463 4269 577 4320 Ducum.
740 4279 745 4284 ·

14 4347 25 4376 ι
52 4365 55 4372 κ
158 4371 160 4375 ,
189 4336 213 4393 ο)
233 4336 286 4388 vid.
305 4338 447 4401 Degnines
464 4332 590 4404 11111111
607 4335 647 4389 bet
664 4333 769 4398 putueo
787 4336 863 4386 Tora.
884 4337 905 4390 1.

190 4403 218 4473 e)
235 4409 266 4459 ln
285 4408 379 4475 speeie
398 4423 439 4474 ap.
456 4407 656 4473 Theophanem.
675 4409 844 4475 Porpnprog,
861 4404 1039 4492 couropatat.
1057 4407 1111 4546 etp.
1134 4469 1158 4514 ἕ
1282 4467 1287 4476 .
