<?xml version="1.0" encoding="UTF-8"?>
<!DOCTYPE html PUBLIC "-//W3C//DTD XHTML 1.0 Transitional//EN"
    "http://www.w3.org/TR/xhtml1/DTD/xhtml1-transitional.dtd">
<html xmlns="http://www.w3.org/1999/xhtml" xml:lang="en" lang="en">
 <head>
  <title>
</title>
<meta http-equiv="Content-Type" content="text/html;charset=utf-8" />
  <meta name='ocr-system' content='tesseract 3.04.00' />
  <meta name='ocr-capabilities' content='ocr_page ocr_carea ocr_par ocr_line ocrx_word'/>
</head>
<body>
  <div class='ocr_page' id='page_1' title='image "./conspectusjuris00czirgoog_0348.png"; bbox 0 0 3146 4864; ppageno 0'>
   <div class='ocr_carea' id='block_1_1' title="bbox 737 456 890 542">
    <p class='ocr_par' dir='ltr' id='par_1_1' title="bbox 737 456 890 542">
     <span class='ocr_line' id='line_1_1' title="bbox 737 456 890 542; baseline -0.02 -13"><span class='ocrx_word' id='word_1_1' title='bbox 737 456 774 542; x_wconf 83' lang='lat'>§.</span> <span class='ocrx_word' id='word_1_2' title='bbox 803 457 890 530; x_wconf 83' lang='lat'><strong>452.</strong></span> 
     </span>
    </p>
   </div>
   <div class='ocr_carea' id='block_1_2' title="bbox 588 605 1031 697">
    <p class='ocr_par' dir='ltr' id='par_1_2' title="bbox 588 605 1031 697">
     <span class='ocr_line' id='line_1_2' title="bbox 588 605 1031 697; baseline 0.005 -20"><span class='ocrx_word' id='word_1_3' title='bbox 588 605 791 697; x_wconf 71' lang='lat' dir='ltr'>Prioziega&#39;a</span> <span class='ocrx_word' id='word_1_4' title='bbox 822 610 1031 681; x_wconf 81' lang='lat' dir='ltr'>Pastorum.</span> 
     </span>
    </p>
   </div>
   <div class='ocr_carea' id='block_1_3' title="bbox 211 737 1407 1352">
    <p class='ocr_par' dir='ltr' id='par_1_3' title="bbox 211 737 1407 1352">
     <span class='ocr_line' id='line_1_3' title="bbox 313 737 1407 851; baseline 0.005 -30"><span class='ocrx_word' id='word_1_5' title='bbox 313 751 451 823; x_wconf 84' lang='lat' dir='ltr'>Habent</span> <span class='ocrx_word' id='word_1_6' title='bbox 468 773 616 847; x_wconf 90' lang='lat' dir='ltr'>namque</span> <span class='ocrx_word' id='word_1_7' title='bbox 643 753 772 826; x_wconf 87' lang='lat' dir='ltr'>Poetae</span> <span class='ocrx_word' id='word_1_8' title='bbox 799 753 982 847; x_wconf 74' lang='lat' dir='ltr'>Magistri,</span> <span class='ocrx_word' id='word_1_9' title='bbox 1004 737 1258 851; x_wconf 72' lang='lat' dir='ltr'>&#39;cursoresque</span> <span class='ocrx_word' id='word_1_10' title='bbox 1276 753 1407 849; x_wconf 86' lang='lat' dir='ltr'>publici</span> 
     </span>
     <span class='ocr_line' id='line_1_4' title="bbox 212 853 1406 952; baseline 0.003 -30"><span class='ocrx_word' id='word_1_11' title='bbox 212 853 334 945; x_wconf 87' lang='lat' dir='ltr'>plura,</span> <span class='ocrx_word' id='word_1_12' title='bbox 355 854 532 947; x_wconf 84' lang='lat' dir='ltr'>quasillis</span> <span class='ocrx_word' id='word_1_13' title='bbox 551 853 711 948; x_wconf 88' lang='lat' dir='ltr'>publicae</span> <span class='ocrx_word' id='word_1_14' title='bbox 731 858 931 928; x_wconf 88' lang='lat' dir='ltr'>securitatis</span> <span class='ocrx_word' id='word_1_15' title='bbox 949 855 1054 930; x_wconf 85' lang='lat' dir='ltr'>favor</span> <span class='ocrx_word' id='word_1_16' title='bbox 1073 860 1238 952; x_wconf 89' lang='lat' dir='ltr'>peperit,</span> <span class='ocrx_word' id='word_1_17' title='bbox 1266 859 1406 927; x_wconf 89' lang='lat' dir='ltr'>minime</span> 
     </span>
     <span class='ocr_line' id='line_1_5' title="bbox 212 954 1405 1050; baseline 0.005 -28"><span class='ocrx_word' id='word_1_18' title='bbox 212 955 478 1026; x_wconf 89' lang='lat' dir='ltr'>contemnenda.</span> <span class='ocrx_word' id='word_1_19' title='bbox 506 954 550 1027; x_wconf 85' lang='lat' dir='ltr'>Et</span> <span class='ocrx_word' id='word_1_20' title='bbox 568 959 758 1050; x_wconf 89' lang='lat' dir='ltr'>praecipue</span> <span class='ocrx_word' id='word_1_21' title='bbox 771 957 911 1049; x_wconf 91' lang='lat' dir='ltr'>quidem</span> <span class='ocrx_word' id='word_1_22' title='bbox 930 967 1055 1030; x_wconf 87' lang='lat' dir='ltr'>cuncta</span> <span class='ocrx_word' id='word_1_23' title='bbox 1073 957 1259 1050; x_wconf 77' lang='lat' dir='ltr'>Poetarum</span> <span class='ocrx_word' id='word_1_24' title='bbox 1277 957 1405 1029; x_wconf 77' lang='lat' dir='ltr'>Officia</span> 
     </span>
     <span class='ocr_line' id='line_1_6' title="bbox 213 1057 1406 1152; baseline 0.004 -29"><span class='ocrx_word' id='word_1_25' title='bbox 213 1065 336 1125; x_wconf 91' lang='lat' dir='ltr'>contra</span> <span class='ocrx_word' id='word_1_26' title='bbox 354 1060 425 1128; x_wconf 93' lang='lat' dir='ltr'>vim</span> <span class='ocrx_word' id='word_1_27' title='bbox 444 1067 627 1129; x_wconf 84' lang='lat' dir='ltr'>externam</span> <span class='ocrx_word' id='word_1_28' title='bbox 655 1057 801 1150; x_wconf 89' lang='lat' dir='ltr'>speciah</span> <span class='ocrx_word' id='word_1_29' title='bbox 820 1058 967 1152; x_wconf 86' lang='lat' dir='ltr'>quadam</span> <span class='ocrx_word' id='word_1_30' title='bbox 985 1061 1125 1131; x_wconf 90' lang='lat' dir='ltr'>ratione</span> <span class='ocrx_word' id='word_1_31' title='bbox 1153 1069 1235 1132; x_wconf 87' lang='lat' dir='ltr'>sunt</span> <span class='ocrx_word' id='word_1_32' title='bbox 1252 1061 1406 1146; x_wconf 82' lang='lat' dir='ltr'>munita3</span> 
     </span>
     <span class='ocr_line' id='line_1_7' title="bbox 213 1149 1405 1255; baseline 0.003 -31"><span class='ocrx_word' id='word_1_33' title='bbox 213 1149 282 1249; x_wconf 88' lang='lat' dir='ltr'>quo</span> <span class='ocrx_word' id='word_1_34' title='bbox 303 1155 361 1244; x_wconf 91' lang='lat' dir='ltr'>lit,</span> <span class='ocrx_word' id='word_1_35' title='bbox 390 1167 428 1227; x_wconf 92' lang='lat' dir='ltr'>ut</span> <span class='ocrx_word' id='word_1_36' title='bbox 445 1159 616 1245; x_wconf 90' lang='lat' dir='ltr'>violatio,</span> <span class='ocrx_word' id='word_1_37' title='bbox 643 1159 776 1247; x_wconf 85' lang='lat' dir='ltr'>laesio,</span> <span class='ocrx_word' id='word_1_38' title='bbox 806 1169 865 1230; x_wconf 90' lang='lat' dir='ltr'>aut</span> <span class='ocrx_word' id='word_1_39' title='bbox 883 1164 1048 1254; x_wconf 89' lang='lat' dir='ltr'>spoliatio</span> <span class='ocrx_word' id='word_1_40' title='bbox 1075 1182 1259 1236; x_wconf 79' lang='lat' dir='ltr'><strong>cursorum</strong></span> <span class='ocrx_word' id='word_1_41' title='bbox 1277 1169 1405 1255; x_wconf 90' lang='lat' dir='ltr'>posta-</span> 
     </span>
     <span class='ocr_line' id='line_1_8' title="bbox 211 1254 1084 1352; baseline 0.009 -26"><span class='ocrx_word' id='word_1_42' title='bbox 211 1254 295 1326; x_wconf 94' lang='lat' dir='ltr'>lium</span> <span class='ocrx_word' id='word_1_43' title='bbox 312 1279 377 1351; x_wconf 92' lang='lat' dir='ltr'>pro</span> <span class='ocrx_word' id='word_1_44' title='bbox 397 1261 554 1352; x_wconf 80' lang='lat' dir='ltr'>graviori</span> <span class='ocrx_word' id='word_1_45' title='bbox 572 1257 712 1352; x_wconf 91' lang='lat' dir='ltr'>publico</span> <span class='ocrx_word' id='word_1_46' title='bbox 733 1258 862 1332; x_wconf 85' lang='lat' dir='ltr'>delicto</span> <span class='ocrx_word' id='word_1_47' title='bbox 882 1262 1084 1334; x_wconf 76' lang='lat' dir='ltr'>habeantur.</span> 
     </span>
    </p>
   </div>
   <div class='ocr_carea' id='block_1_4' title="bbox 511 1463 1107 1724">
    <p class='ocr_par' dir='ltr' id='par_1_4' title="bbox 511 1463 1107 1724">
     <span class='ocr_line' id='line_1_9' title="bbox 736 1463 887 1549; baseline -0.02 -12"><span class='ocrx_word' id='word_1_48' title='bbox 736 1463 772 1549; x_wconf 59' lang='grc' dir='ltr'>ὃ.</span> <span class='ocrx_word' id='word_1_49' title='bbox 801 1463 887 1537; x_wconf 83' lang='grc'><strong>453.</strong></span> 
     </span>
     <span class='ocr_line' id='line_1_10' title="bbox 511 1634 1107 1724; baseline 0.002 -21"><span class='ocrx_word' id='word_1_50' title='bbox 511 1635 650 1704; x_wconf 81' lang='lat' dir='ltr'>Poetae</span> <span class='ocrx_word' id='word_1_51' title='bbox 667 1634 941 1721; x_wconf 65' lang='lat' dir='ltr'>Magistrorom</span> <span class='ocrx_word' id='word_1_52' title='bbox 968 1639 1107 1724; x_wconf 77' lang='lat' dir='ltr'>officia.</span> 
     </span>
    </p>
   </div>
   <div class='ocr_carea' id='block_1_5' title="bbox 116 1791 1405 2402">
    <p class='ocr_par' dir='ltr' id='par_1_5' title="bbox 116 1791 1405 2402">
     <span class='ocr_line' id='line_1_11' title="bbox 311 1791 1405 1896; baseline -0.004 -26"><span class='ocrx_word' id='word_1_53' title='bbox 311 1791 441 1870; x_wconf 77' lang='lat' dir='ltr'>Posiae</span> <span class='ocrx_word' id='word_1_54' title='bbox 459 1793 708 1890; x_wconf 86' lang='lat' dir='ltr'>Magistrorum</span> <span class='ocrx_word' id='word_1_55' title='bbox 727 1799 867 1888; x_wconf 86' lang='lat' dir='ltr'>officia,</span> <span class='ocrx_word' id='word_1_56' title='bbox 888 1823 1035 1896; x_wconf 91' lang='lat' dir='ltr'>quorum</span> <span class='ocrx_word' id='word_1_57' title='bbox 1054 1821 1101 1871; x_wconf 88' lang='lat' dir='ltr'>ex</span> <span class='ocrx_word' id='word_1_58' title='bbox 1118 1797 1256 1870; x_wconf 89' lang='lat' dir='ltr'>ratione</span> <span class='ocrx_word' id='word_1_59' title='bbox 1276 1817 1405 1866; x_wconf 90' lang='lat' dir='ltr'>exem-</span> 
     </span>
     <span class='ocr_line' id='line_1_12' title="bbox 212 1898 1404 1996; baseline 0 -28"><span class='ocrx_word' id='word_1_60' title='bbox 212 1898 387 1988; x_wconf 88' lang='lat' dir='ltr'>tionibus&#39;,</span> <span class='ocrx_word' id='word_1_61' title='bbox 416 1921 521 1996; x_wconf 91' lang='lat' dir='ltr'>supra</span> <span class='ocrx_word' id='word_1_62' title='bbox 549 1903 757 1990; x_wconf 71' lang='lat' dir='ltr'>recensitis,</span> <span class='ocrx_word' id='word_1_63' title='bbox 785 1900 971 1991; x_wconf 86' lang='lat' dir='ltr'>fruuntur,</span> <span class='ocrx_word' id='word_1_64' title='bbox 1010 1901 1250 1974; x_wconf 87' lang='lat' dir='ltr'>ordinationes</span> <span class='ocrx_word' id='word_1_65' title='bbox 1276 1905 1404 1992; x_wconf 89' lang='lat' dir='ltr'>posta-</span> 
     </span>
     <span class='ocr_line' id='line_1_13' title="bbox 208 1999 1402 2096; baseline -0.003 -26"><span class='ocrx_word' id='word_1_66' title='bbox 208 1999 262 2072; x_wconf 91' lang='lat' dir='ltr'>les</span> <span class='ocrx_word' id='word_1_67' title='bbox 283 2004 318 2073; x_wconf 90' lang='lat' dir='ltr'>in</span> <span class='ocrx_word' id='word_1_68' title='bbox 336 2022 376 2073; x_wconf 89' lang='lat' dir='ltr'>se</span> <span class='ocrx_word' id='word_1_69' title='bbox 396 2005 597 2090; x_wconf 74' lang='lat' dir='ltr'>continent,</span> <span class='ocrx_word' id='word_1_70' title='bbox 627 1999 758 2073; x_wconf 89' lang='lat' dir='ltr'>summa</span> <span class='ocrx_word' id='word_1_71' title='bbox 778 2024 899 2073; x_wconf 87' lang='lat' dir='ltr'>eorum</span> <span class='ocrx_word' id='word_1_72' title='bbox 918 2005 1172 2096; x_wconf 86' lang='lat' dir='ltr'>invigilantia,</span> <span class='ocrx_word' id='word_1_73' title='bbox 1199 2003 1402 2092; x_wconf 86' lang='lat' dir='ltr'>incorrupta</span> 
     </span>
     <span class='ocr_line' id='line_1_14' title="bbox 209 2099 1402 2198; baseline -0.003 -27"><span class='ocrx_word' id='word_1_74' title='bbox 209 2099 302 2193; x_wconf 88' lang='lat' dir='ltr'>lide,</span> <span class='ocrx_word' id='word_1_75' title='bbox 331 2114 366 2175; x_wconf 90' lang='lat' dir='ltr'>et</span> <span class='ocrx_word' id='word_1_76' title='bbox 384 2104 498 2196; x_wconf 90' lang='lat' dir='ltr'>rigido</span> <span class='ocrx_word' id='word_1_77' title='bbox 519 2102 735 2198; x_wconf 90' lang='lat' dir='ltr'>agendorum</span> <span class='ocrx_word' id='word_1_78' title='bbox 754 2103 980 2198; x_wconf 87' lang='lat' dir='ltr'>implemento</span> <span class='ocrx_word' id='word_1_79' title='bbox 1001 2105 1186 2191; x_wconf 73' lang='lat' dir='ltr'>consistit,</span> <span class='ocrx_word' id='word_1_80' title='bbox 1214 2099 1306 2170; x_wconf 90' lang='lat' dir='ltr'>unde</span> <span class='ocrx_word' id='word_1_81' title='bbox 1326 2101 1402 2170; x_wconf 89' lang='lat' dir='ltr'>soi-</span> 
     </span>
     <span class='ocr_line' id='line_1_15' title="bbox 207 2201 1402 2300; baseline -0.002 -28"><span class='ocrx_word' id='word_1_82' title='bbox 207 2202 291 2274; x_wconf 91' lang='lat' dir='ltr'>licet</span> <span class='ocrx_word' id='word_1_83' title='bbox 326 2202 541 2294; x_wconf 91' lang='lat' dir='ltr'>litterarum,</span> <span class='ocrx_word' id='word_1_84' title='bbox 579 2207 803 2293; x_wconf 76' lang='lat' dir='ltr'>commercii,</span> <span class='ocrx_word' id='word_1_85' title='bbox 843 2216 880 2278; x_wconf 90' lang='lat' dir='ltr'>et</span> <span class='ocrx_word' id='word_1_86' title='bbox 910 2207 1188 2300; x_wconf 89' lang='lat' dir='ltr'>pregrinantium</span> <span class='ocrx_word' id='word_1_87' title='bbox 1229 2201 1402 2271; x_wconf 87' lang='lat' dir='ltr'>securitas</span> 
     </span>
     <span class='ocr_line' id='line_1_16' title="bbox 116 2305 710 2402; baseline 0.005 -29"><span class='ocrx_word' id='word_1_88' title='bbox 116 2307 118 2310; x_wconf 81' lang='grc'><strong>’</strong></span> <span class='ocrx_word' id='word_1_89' title='bbox 209 2307 359 2377; x_wconf 87' lang='lat' dir='ltr'>maxima</span> <span class='ocrx_word' id='word_1_90' title='bbox 377 2317 478 2400; x_wconf 90' lang='lat' dir='ltr'>parte</span> <span class='ocrx_word' id='word_1_91' title='bbox 502 2305 710 2402; x_wconf 90' lang='lat' dir='ltr'>dependent.</span> 
     </span>
    </p>
   </div>
   <div class='ocr_carea' id='block_1_6' title="bbox 728 2469 983 2591">
    <p class='ocr_par' dir='ltr' id='par_1_6' title="bbox 728 2469 983 2591">
     <span class='ocr_line' id='line_1_17' title="bbox 728 2469 983 2591; baseline 0.004 -14"><span class='ocrx_word' id='word_1_92' title='bbox 728 2505 765 2591; x_wconf 75' lang='lat' dir='ltr'>s.</span> <span class='ocrx_word' id='word_1_93' title='bbox 794 2505 880 2578; x_wconf 82' lang='lat'>454.</span> <span class='ocrx_word' id='word_1_94' title='bbox 981 2469 983 2473; x_wconf 70' lang='grc'><strong>’</strong></span> 
     </span>
    </p>
   </div>
   <div class='ocr_carea' id='block_1_7' title="bbox 444 2675 1178 2768">
    <p class='ocr_par' dir='ltr' id='par_1_7' title="bbox 444 2675 1178 2768">
     <span class='ocr_line' id='line_1_18' title="bbox 444 2675 1178 2768; baseline 0 -20"><span class='ocrx_word' id='word_1_95' title='bbox 444 2677 516 2748; x_wconf 89' lang='lat' dir='ltr'><em>VII.</em></span> <span class='ocrx_word' id='word_1_96' title='bbox 545 2675 607 2749; x_wconf 82' lang='lat' dir='ltr'>Ad</span> <span class='ocrx_word' id='word_1_97' title='bbox 616 2680 794 2766; x_wconf 75' lang='lat' dir='ltr'>litamina,</span> <span class='ocrx_word' id='word_1_98' title='bbox 824 2692 860 2748; x_wconf 85' lang='lat' dir='ltr'>et</span> <span class='ocrx_word' id='word_1_99' title='bbox 874 2679 1178 2768; x_wconf 78' lang='lat' dir='ltr'>Noca‘potioacm.</span> 
     </span>
    </p>
   </div>
   <div class='ocr_carea' id='block_1_8' title="bbox 115 2845 1402 4252">
    <p class='ocr_par' dir='ltr' id='par_1_8' title="bbox 115 2845 1402 4252">
     <span class='ocr_line' id='line_1_19' title="bbox 308 2845 1402 2939; baseline -0.003 -23"><span class='ocrx_word' id='word_1_100' title='bbox 308 2845 403 2932; x_wconf 88' lang='lat' dir='ltr'>Rivi,</span> <span class='ocrx_word' id='word_1_101' title='bbox 415 2855 592 2933; x_wconf 88' lang='lat' dir='ltr'>etamues,</span> <span class='ocrx_word' id='word_1_102' title='bbox 612 2845 984 2938; x_wconf 87' lang='lat' dir='ltr'>indominioquamvis</span> <span class='ocrx_word' id='word_1_103' title='bbox 1003 2849 1073 2919; x_wconf 93' lang='lat' dir='ltr'>sint</span> <span class='ocrx_word' id='word_1_104' title='bbox 1085 2866 1219 2935; x_wconf 88' lang='lat' dir='ltr'>eorum,</span> <span class='ocrx_word' id='word_1_105' title='bbox 1231 2865 1296 2939; x_wconf 81' lang='lat' dir='ltr'>peu</span> <span class='ocrx_word' id='word_1_106' title='bbox 1308 2864 1402 2937; x_wconf 94' lang='lat' dir='ltr'>quo-</span> 
     </span>
     <span class='ocr_line' id='line_1_20' title="bbox 208 2945 1401 3038; baseline -0.001 -21"><span class='ocrx_word' id='word_1_107' title='bbox 208 2967 284 3017; x_wconf 89' lang='lat' dir='ltr'>rum</span> <span class='ocrx_word' id='word_1_108' title='bbox 300 2949 513 3018; x_wconf 85' lang='lat' dir='ltr'>territorium</span> <span class='ocrx_word' id='word_1_109' title='bbox 528 2945 703 3034; x_wconf 91' lang='lat' dir='ltr'>labuntur,</span> <span class='ocrx_word' id='word_1_110' title='bbox 722 2949 792 3016; x_wconf 93' lang='lat' dir='ltr'>imo</span> <span class='ocrx_word' id='word_1_111' title='bbox 812 2945 878 3019; x_wconf 89' lang='lat' dir='ltr'>hos</span> <span class='ocrx_word' id='word_1_112' title='bbox 900 2951 990 3020; x_wconf 90' lang='lat' dir='ltr'>intra</span> <span class='ocrx_word' id='word_1_113' title='bbox 1008 2947 1136 3022; x_wconf 89' lang='lat' dir='ltr'>limites</span> <span class='ocrx_word' id='word_1_114' title='bbox 1155 2945 1296 3019; x_wconf 86' lang='lat' dir='ltr'>flumina</span> <span class='ocrx_word' id='word_1_115' title='bbox 1311 2947 1401 3038; x_wconf 87' lang='lat' dir='ltr'>ipsa,</span> 
     </span>
     <span class='ocr_line' id='line_1_21' title="bbox 208 3046 1400 3143; baseline -0.004 -22"><span class='ocrx_word' id='word_1_116' title='bbox 208 3057 372 3141; x_wconf 86' lang='lat' dir='ltr'>quantum</span> <span class='ocrx_word' id='word_1_117' title='bbox 391 3048 435 3119; x_wconf 93' lang='lat' dir='ltr'>ad</span> <span class='ocrx_word' id='word_1_118' title='bbox 452 3047 635 3120; x_wconf 88' lang='lat' dir='ltr'>utilitatem</span> <span class='ocrx_word' id='word_1_119' title='bbox 652 3046 734 3120; x_wconf 91' lang='lat' dir='ltr'>inde</span> <span class='ocrx_word' id='word_1_120' title='bbox 747 3048 963 3142; x_wconf 86' lang='lat' dir='ltr'>capiendam,</span> <span class='ocrx_word' id='word_1_121' title='bbox 975 3052 1125 3143; x_wconf 86' lang='lat' dir='ltr'>privatis</span> <span class='ocrx_word' id='word_1_122' title='bbox 1144 3047 1400 3134; x_wconf 74' lang='lat' dir='ltr'>concedantur,</span> 
     </span>
     <span class='ocr_line' id='line_1_22' title="bbox 206 3147 1402 3244; baseline -0.001 -23"><span class='ocrx_word' id='word_1_123' title='bbox 206 3147 424 3223; x_wconf 81' lang='lat' dir='ltr'>haeotameu</span> <span class='ocrx_word' id='word_1_124' title='bbox 438 3152 567 3240; x_wconf 76' lang='lat' dir='ltr'>Jurium</span> <span class='ocrx_word' id='word_1_125' title='bbox 584 3150 733 3221; x_wconf 88' lang='lat' dir='ltr'>istorum</span> <span class='ocrx_word' id='word_1_126' title='bbox 756 3154 945 3223; x_wconf 89' lang='lat' dir='ltr'>concessio</span> <span class='ocrx_word' id='word_1_127' title='bbox 965 3172 1185 3244; x_wconf 88' lang='lat' dir='ltr'>nequaquam</span> <span class='ocrx_word' id='word_1_128' title='bbox 1204 3167 1402 3244; x_wconf 83' lang='lat' dir='ltr'>supremam</span> 
     </span>
     <span class='ocr_line' id='line_1_23' title="bbox 115 3249 1400 3347; baseline -0.004 -23"><span class='ocrx_word' id='word_1_129' title='bbox 115 3311 117 3314; x_wconf 93' lang='lat'>.</span> <span class='ocrx_word' id='word_1_130' title='bbox 206 3251 423 3342; x_wconf 82' lang='lat' dir='ltr'>vigilantiam</span> <span class='ocrx_word' id='word_1_131' title='bbox 434 3250 595 3324; x_wconf 85' lang='lat' dir='ltr'>excludit.</span> <span class='ocrx_word' id='word_1_132' title='bbox 625 3249 707 3345; x_wconf 89' lang='lat' dir='ltr'>Ipsa</span> <span class='ocrx_word' id='word_1_133' title='bbox 727 3253 819 3326; x_wconf 91' lang='lat' dir='ltr'>enim</span> <span class='ocrx_word' id='word_1_134' title='bbox 837 3250 998 3345; x_wconf 87' lang='lat' dir='ltr'>publicae</span> <span class='ocrx_word' id='word_1_135' title='bbox 1016 3255 1070 3322; x_wconf 89' lang='lat' dir='ltr'>rei</span> <span class='ocrx_word' id='word_1_136' title='bbox 1087 3255 1178 3324; x_wconf 86' lang='lat' dir='ltr'>ratio</span> <span class='ocrx_word' id='word_1_137' title='bbox 1207 3253 1336 3347; x_wconf 84' lang='lat' dir='ltr'>poscit,</span> <span class='ocrx_word' id='word_1_138' title='bbox 1362 3257 1400 3320; x_wconf 90' lang='lat' dir='ltr'>ut</span> 
     </span>
     <span class='ocr_line' id='line_1_24' title="bbox 207 3348 1398 3445; baseline 0 -25"><span class='ocrx_word' id='word_1_139' title='bbox 207 3348 348 3424; x_wconf 81' lang='lat' dir='ltr'>flumina</span> <span class='ocrx_word' id='word_1_140' title='bbox 377 3354 613 3442; x_wconf 82' lang='lat' dir='ltr'>navigationi,</span> <span class='ocrx_word' id='word_1_141' title='bbox 642 3355 927 3445; x_wconf 86' lang='lat' dir='ltr'>commerciaque</span> <span class='ocrx_word' id='word_1_142' title='bbox 954 3351 1158 3426; x_wconf 84' lang='lat' dir='ltr'>facilitaudo</span> <span class='ocrx_word' id='word_1_143' title='bbox 1188 3354 1398 3437; x_wconf 83' lang='lat' dir='ltr'>inserviant,</span> 
     </span>
     <span class='ocr_line' id='line_1_25' title="bbox 206 3451 1400 3542; baseline 0 -20"><span class='ocrx_word' id='word_1_144' title='bbox 206 3471 301 3526; x_wconf 86' lang='lat' dir='ltr'>neve</span> <span class='ocrx_word' id='word_1_145' title='bbox 331 3451 624 3528; x_wconf 83' lang='lat' dir='ltr'>exundationibus</span> <span class='ocrx_word' id='word_1_146' title='bbox 652 3452 776 3524; x_wconf 86' lang='lat' dir='ltr'>damna</span> <span class='ocrx_word' id='word_1_147' title='bbox 806 3453 957 3542; x_wconf 86' lang='lat' dir='ltr'>faciant,</span> <span class='ocrx_word' id='word_1_148' title='bbox 983 3453 1117 3526; x_wconf 88' lang='lat' dir='ltr'>idcireo</span> <span class='ocrx_word' id='word_1_149' title='bbox 1145 3453 1262 3526; x_wconf 90' lang='lat' dir='ltr'>debite</span> <span class='ocrx_word' id='word_1_150' title='bbox 1287 3472 1400 3542; x_wconf 81' lang='lat' dir='ltr'>regu-</span> 
     </span>
     <span class='ocr_line' id='line_1_26' title="bbox 207 3548 1401 3649; baseline -0.005 -27"><span class='ocrx_word' id='word_1_151' title='bbox 207 3551 394 3642; x_wconf 86' lang='lat' dir='ltr'>lentur,a</span> <span class='ocrx_word' id='word_1_152' title='bbox 431 3553 612 3649; x_wconf 86' lang='lat' dir='ltr'>quibusvis</span> <span class='ocrx_word' id='word_1_153' title='bbox 640 3553 898 3648; x_wconf 87' lang='lat' dir='ltr'>impedimentis</span> <span class='ocrx_word' id='word_1_154' title='bbox 928 3559 1166 3648; x_wconf 81' lang='lat' dir='ltr'>repurgantur</span> <span class='ocrx_word' id='word_1_155' title='bbox 1196 3555 1250 3646; x_wconf 71' lang='lat'>⁸),</span> <span class='ocrx_word' id='word_1_156' title='bbox 1290 3548 1401 3625; x_wconf 87' lang='lat' dir='ltr'>sicubi</span> 
     </span>
     <span class='ocr_line' id='line_1_27' title="bbox 206 3651 1399 3752; baseline -0.003 -28"><span class='ocrx_word' id='word_1_157' title='bbox 206 3659 404 3727; x_wconf 83' lang='lat' dir='ltr'>necessitas</span> <span class='ocrx_word' id='word_1_158' title='bbox 440 3657 561 3744; x_wconf 88' lang='lat' dir='ltr'>adest,</span> <span class='ocrx_word' id='word_1_159' title='bbox 598 3655 733 3726; x_wconf 88' lang='lat' dir='ltr'>eductis</span> <span class='ocrx_word' id='word_1_160' title='bbox 764 3655 953 3752; x_wconf 88' lang='lat' dir='ltr'>aggeribus</span> <span class='ocrx_word' id='word_1_161' title='bbox 981 3661 1201 3744; x_wconf 90' lang='lat' dir='ltr'>muniantur,</span> <span class='ocrx_word' id='word_1_162' title='bbox 1244 3651 1399 3744; x_wconf 75' lang='lat' dir='ltr'>nihilque</span> 
     </span>
     <span class='ocr_line' id='line_1_28' title="bbox 207 3751 1399 3849; baseline -0.003 -24"><span class='ocrx_word' id='word_1_163' title='bbox 207 3757 293 3826; x_wconf 83' lang='lat' dir='ltr'>novi</span> <span class='ocrx_word' id='word_1_164' title='bbox 321 3758 440 3849; x_wconf 89' lang='lat' dir='ltr'>operis</span> <span class='ocrx_word' id='word_1_165' title='bbox 468 3760 504 3828; x_wconf 94' lang='lat' dir='ltr'>in</span> <span class='ocrx_word' id='word_1_166' title='bbox 528 3755 671 3844; x_wconf 76' lang='lat' dir='ltr'>fluviis,</span> <span class='ocrx_word' id='word_1_167' title='bbox 705 3759 881 3849; x_wconf 86' lang='lat' dir='ltr'>ripisque,</span> <span class='ocrx_word' id='word_1_168' title='bbox 919 3757 1013 3848; x_wconf 91' lang='lat' dir='ltr'>quod</span> <span class='ocrx_word' id='word_1_169' title='bbox 1039 3756 1257 3848; x_wconf 87' lang='lat' dir='ltr'>navigationi</span> <span class='ocrx_word' id='word_1_170' title='bbox 1294 3751 1399 3838; x_wconf 87' lang='lat' dir='ltr'>obsit,</span> 
     </span>
     <span class='ocr_line' id='line_1_29' title="bbox 208 3852 1399 3951; baseline -0.003 -23"><span class='ocrx_word' id='word_1_171' title='bbox 208 3857 431 3951; x_wconf 81' lang='lat' dir='ltr'>suscipiatur.</span> <span class='ocrx_word' id='word_1_172' title='bbox 468 3857 588 3951; x_wconf 92' lang='lat' dir='ltr'>ltaque</span> <span class='ocrx_word' id='word_1_173' title='bbox 618 3878 727 3949; x_wconf 91' lang='lat' dir='ltr'>opera</span> <span class='ocrx_word' id='word_1_174' title='bbox 753 3856 981 3950; x_wconf 72' lang='lat' dir='ltr'>hydraulica,</span> <span class='ocrx_word' id='word_1_175' title='bbox 1016 3860 1172 3950; x_wconf 92' lang='lat' dir='ltr'>quaein</span> <span class='ocrx_word' id='word_1_176' title='bbox 1201 3852 1399 3928; x_wconf 84' lang='lat' dir='ltr'>huminibus</span> 
     </span>
     <span class='ocr_line' id='line_1_30' title="bbox 207 3957 1400 4052; baseline -0.003 -22"><span class='ocrx_word' id='word_1_177' title='bbox 207 3961 340 4052; x_wconf 85' lang='lat' dir='ltr'>suscipi</span> <span class='ocrx_word' id='word_1_178' title='bbox 366 3959 612 4044; x_wconf 88' lang='lat' dir='ltr'>intenduntur,</span> <span class='ocrx_word' id='word_1_179' title='bbox 640 3960 810 4030; x_wconf 86' lang='lat' dir='ltr'>universa</span> <span class='ocrx_word' id='word_1_180' title='bbox 836 3959 953 4031; x_wconf 88' lang='lat' dir='ltr'>altiori</span> <span class='ocrx_word' id='word_1_181' title='bbox 977 3959 1213 4051; x_wconf 85' lang='lat' dir='ltr'>inspectioni,</span> <span class='ocrx_word' id='word_1_182' title='bbox 1252 3957 1400 4048; x_wconf 85' lang='lat' dir='ltr'>regiae-</span> 
     </span>
     <span class='ocr_line' id='line_1_31' title="bbox 207 4056 1399 4154; baseline -0.001 -26"><span class='ocrx_word' id='word_1_183' title='bbox 207 4079 276 4151; x_wconf 93' lang='lat' dir='ltr'>que</span> <span class='ocrx_word' id='word_1_184' title='bbox 294 4059 530 4131; x_wconf 92' lang='lat' dir='ltr'>ratihabitioni</span> <span class='ocrx_word' id='word_1_185' title='bbox 560 4056 729 4147; x_wconf 90' lang='lat' dir='ltr'>subsunt,</span> <span class='ocrx_word' id='word_1_186' title='bbox 759 4069 944 4154; x_wconf 90' lang='lat' dir='ltr'>antequam</span> <span class='ocrx_word' id='word_1_187' title='bbox 971 4061 1007 4129; x_wconf 91' lang='lat' dir='ltr'>in</span> <span class='ocrx_word' id='word_1_188' title='bbox 1025 4058 1187 4128; x_wconf 88' lang='lat' dir='ltr'>ellectum</span> <span class='ocrx_word' id='word_1_189' title='bbox 1216 4057 1399 4129; x_wconf 88' lang='lat' dir='ltr'>deducan-</span> 
     </span>
     <span class='ocr_line' id='line_1_32' title="bbox 206 4155 1400 4252; baseline -0.003 -22"><span class='ocrx_word' id='word_1_190' title='bbox 206 4165 275 4250; x_wconf 87' lang='lat' dir='ltr'>tur.</span> <span class='ocrx_word' id='word_1_191' title='bbox 306 4155 493 4232; x_wconf 78' lang='lat' dir='ltr'>Caeterum</span> <span class='ocrx_word' id='word_1_192' title='bbox 517 4160 606 4232; x_wconf 91' lang='lat' dir='ltr'>liber</span> <span class='ocrx_word' id='word_1_193' title='bbox 625 4157 666 4228; x_wconf 91' lang='lat' dir='ltr'>ab</span> <span class='ocrx_word' id='word_1_194' title='bbox 687 4161 781 4232; x_wconf 94' lang='lat' dir='ltr'>omni</span> <span class='ocrx_word' id='word_1_195' title='bbox 809 4163 996 4232; x_wconf 89' lang='lat' dir='ltr'>exactione</span> <span class='ocrx_word' id='word_1_196' title='bbox 1014 4163 1176 4252; x_wconf 91' lang='lat' dir='ltr'>navium,</span> <span class='ocrx_word' id='word_1_197' title='bbox 1204 4161 1400 4252; x_wconf 87' lang='lat' dir='ltr'>ratiumque</span> 
     </span>
    </p>
   </div>
   <div class='ocr_carea' id='block_1_9' title="bbox 198 4327 407 4345">
    <p class='ocr_par' dir='ltr' id='par_1_9' title="bbox 198 4327 407 4345">
     <span class='ocr_line' id='line_1_33' title="bbox 198 4327 407 4345; baseline 0 -1"><span class='ocrx_word' id='word_1_198' title='bbox 198 4327 407 4345; x_wconf 53' lang='lat' dir='ltr'>m</span> 
     </span>
    </p>
   </div>
   <div class='ocr_carea' id='block_1_10' title="bbox 238 4371 1251 4470">
    <p class='ocr_par' dir='ltr' id='par_1_10' title="bbox 238 4371 1251 4470">
     <span class='ocr_line' id='line_1_34' title="bbox 238 4371 1251 4470; baseline 0.014 -19"><span class='ocrx_word' id='word_1_199' title='bbox 238 4393 265 4463; x_wconf 85' lang='lat'>·)</span> <span class='ocrx_word' id='word_1_200' title='bbox 285 4397 363 4455; x_wconf 78' lang='lat' dir='ltr'>atas.</span> <span class='ocrx_word' id='word_1_201' title='bbox 382 4401 442 4455; x_wconf 76' lang='lat' dir='ltr'>aas.</span> <span class='ocrx_word' id='word_1_202' title='bbox 457 4424 493 4438; x_wconf 90' lang='lat'><em>-</em></span> <span class='ocrx_word' id='word_1_203' title='bbox 512 4401 588 4455; x_wconf 84' lang='grc' dir='ltr'>ιιιι.</span> <span class='ocrx_word' id='word_1_204' title='bbox 607 4395 650 4453; x_wconf 75' lang='grc' dir='ltr'>ιι.</span> <span class='ocrx_word' id='word_1_205' title='bbox 669 4401 739 4452; x_wconf 76' lang='lat' dir='ltr'>cona</span> <span class='ocrx_word' id='word_1_206' title='bbox 759 4371 1001 4470; x_wconf 67' lang='lat' dir='ltr'>messianum.</span> <span class='ocrx_word' id='word_1_207' title='bbox 1017 4403 1062 4462; x_wconf 78' lang='lat' dir='ltr'>cta</span> <span class='ocrx_word' id='word_1_208' title='bbox 1148 4457 1154 4464; x_wconf 93' lang='lat'>.</span> <span class='ocrx_word' id='word_1_209' title='bbox 1248 4425 1251 4433; x_wconf 54' lang='lat'><em>2</em></span> 
     </span>
    </p>
   </div>
   <div class='ocr_carea' id='block_1_11' title="bbox 0 0 1578 4864">
    <p class='ocr_par' dir='ltr' id='par_1_11' title="bbox 0 0 1578 4864">
     <span class='ocr_line' id='line_1_35' title="bbox 0 0 1578 4864; baseline 0 0"><span class='ocrx_word' id='word_1_210' title='bbox 0 0 1578 4864; x_wconf 95' lang='lat' dir='ltr'> </span> 
     </span>
    </p>
   </div>
  </div>
 </body>
</html>
