3158 4864
1264 259 1341 344 Ι177

132 441 345 530 paratorum
374 434 411 505 in
435 431 621 507 Germania
646 441 846 530 potestate,
875 457 894 506 a
927 434 1187 529 Praefecturis,
1215 437 1341 534 quibus

141 537 265 609 Patres
283 517 485 632 praeerant
500 536 573 626 lilii,
602 559 643 607 ao
664 535 838 609 haeredes
863 558 972 630 aegre
992 541 1150 612 amoveri
1169 550 1333 636 possent,

141 639 295 734 indeque
325 635 496 710 Comitum
528 637 759 710 authoritas
749 661 786 709 ιιι
819 636 1031 712 dominatum
1063 643 1200 713 illarum
1235 645 1354 714 etiam·

141 742 417 830 Provinciarum,
445 739 570 862 quibus
591 749 714 860 antea,
742 749 780 812 ut
799 738 1027 834 Magistratus
1045 753 1249 839 praeerant,
1268 765 1340 814 ex-

142 853 336 940 cresceret,
364 841 467 932 hujus
492 844 602 914 vicini
632 841 841 913 discriminis
871 853 966 914 metu
994 848 1147 918 excitata
1169 856 1224 918 sat
1245 854 1340 916 tem·
1436 909 1447 926 x

139 947 293 1040 pestivo,
321 954 358 1018 ot
389 946 500 1039 prima
529 941 786 1038 quodammodo
822 944 1007 1036 evigilavit
1027 945 1219 1038 Hungaria,
1243 949 1341 1037 Jam-

142 1067 210 1140 que
232 1045 440 1138 famigerato
453 1045 620 1117 Andreae
638 1044 681 1114 ΙΙ.
702 1044 858 1116 Decreta
878 1045 946 1117 alia
964 1049 1069 1137 inter,
1089 1050 1190 1142 queis
1205 1059 1340 1144 poten-

141 1151 202 1236 tia,
231 1155 267 1218 et
291 1147 467 1218 arbitrium
498 1145 670 1219 Comitum
691 1145 903 1218 arctioribus
925 1149 1106 1242 repagulis
1129 1149 1359 1222 intercludi-.

78 1253 80 1258 '
142 1258 198 1321 tur
228 1250 275 1339 ⁸),
304 1250 530 1322 constitutum
559 1247 637 1337 fuit,
665 1257 712 1318 ut
737 1249 919 1341 integri
947 1247 1229 1340 Comitatus,
1257 1251 1341 1323 vel

144 1349 408 1441 dignitates
437 1351 480 1421 in
507 1348 723 1445 praedia,
752 1369 834 1420 sou
859 1355 1207 1444 possessiones
1234 1373 1341 1446 per-

141 1461 280 1546 petuo
308 1449 424 1522 haud
451 1450 771 1526 conferantur
800 1447 848 1540 h).
877 1449 948 1524 Sub
966 1451 1163 1525 Wladislao
1183 1447 1227 1524 11.
1249 1473 1340 1525 vcro

141 1552 231 1622 ultra
251 1551 364 1624 adhue
379 1561 619 1646 praecautum,
643 1548 874 1623 Comitatuum
891 1551 1061 1643 honores,
1074 1553 1168 1648 quod
1179 1564 1340 1647 tompore

141 1653 203 1724 illo
221 1656 375 1750 supremi
398 1651 543 1726 Comitis
563 1653 716 1724 officium
734 1651 942 1745 designabat
959 1652 1015 1744 ⁴⁵),
1044 1657 1174 1726 nomini
1194 1658 1230 1726 in
1251 1675 1341 1748 per-

141 1763 284 1849 petuum
310 1755 456 1847 largiri,
484 1777 530 1826 ne
560 1754 749 1848 Episcopis
782 1754 944 1848 quidem,
973 1760 1195 1849 quantumvis
1224 1757 1340 1828 Prae-

143 1877 310 1928 cessores
332 1877 410 1927 eam
430 1855 635 1946 dignitatem
650 1853 869 1943 habuissent,
890 1860 1064 1950 exeeptis,
1084 1860 1154 1929 nisi
1181 1858 1339 1930 Privile-

141 1960 236 2050 gium
262 1957 417 2049 desuper
448 1976 468 2023 a
501 1956 655 2041 sanctis,
693 1962 730 2022 et
760 1957 952 2047 primaevis
983 1956 1142 2050 Regibus
1175 1959 1340 2032 valerent

141 2055 335 2129 ostendere
364 2055 410 2146 ·).

186 2255 226 2342 a)
237 2315 240 2320 ,
250 2251 356 2338 Hujus
372 2253 487 2317 asserti
506 2253 670 2334 vestigium
688 2252 721 2316 in
738 2252 832 2315 solita
847 2253 901 2316 illa
916 2253 1120 2318 Decretorum
1136 2253 1342 2318 comitialium

231 2341 431 2404 conclusione
463 2340 677 2418 ‚‚ceeterisque
712 2358 802 2419 quam
834 2339 980 2420 plurimis
1010 2341 1154 2423 Regni
1187 2340 1342 2404 nostri

233 2426 489 2508 „Hungariae
529 2425 758 2488 Comitatus
790 2425 1045 2502 tenentibus,
1084 2435 1119 2488 et
1152 2427 1342 2489 bonores“

229 2473 395 2574 bodicdum
429 2519 584 2591 superest.
618 2509 810 2590 Ampliorem
839 2509 939 2576 adbuc
968 2471 1057 2574 liderla
1096 2511 1190 2574 dictis
1224 2514 1343 2573 addunt

231 2598 374 2680 divorum
396 2598 532 2678 Regum,
554 2615 621 2656 eam
650 2595 830 2676 dignitatem
859 2594 916 2658 hec
938 2597 1074 2660 nominis
1098 2617 1166 2659 cum
1190 2597 1341 2677 designa-

231 2684 315 2745 tione
338 2682 581 2757 conferentium,
610 2679 807 2760 Diplomata‚
839 2700 971 2760 quorum
994 2703 1109 2759 unum,
1124 2678 1343 2744 alterumvee

231 2768 418 2930 plurimis
409 2788 441 2829 ιιι
465 2726 636 2851 exemplum
661 2766 785 2829 adnoto
821 2767 1085 2848 Sigismundus,
1087 2765 1236 2844 ,Vacante
1261 2785 1343 2830 nune

242 2887 293 2931 ,-
317 2854 425 2915 ait-
447 2872 502 2932 per
524 2858 654 2912 mortem
677 2851 790 2932 Inclyti
811 2851 938 2913 Domini
959 2853 1116 2914 Dobissae
1139 2854 1235 2936 Regis
1257 2853 1343 2916 Bos-

231 2899 311 3015 :lnae
340 2939 500 3000 Honore
531 2934 670 3020 ejusdem
701 2937 951 3022 (symigiensis)
984 2937 1179 3017 Comitatus,
1209 2940 1342 3018 ipsum

231 2983 334 3102 :Jtdsti
356 3025 472 3086 Nostro
495 3021 665 3103 Magnitioo
687 3019 766 3083 Viro
790 3021 924 3085 Domino
952 3022 1110 3102 Stephano
1134 3027 1170 3085 de
1192 3023 1343 3100 Kanizss,

231 3110 405 3189 „Magistro
428 3107 543 3171 Curiae
564 3108 698 3170 Nostrae
721 3107 972 3171 committendum
994 3109 1141 3170 duximus
1156 3107 1213 3191 ⁸¹).‘
1204 3110 1224 3144 ‘⁴
1246 3107 1342 3169 Pari-

230 3203 278 3256 ter
299 3194 496 3256 Wladialans
525 3193 566 3256 ll.
596 3194 635 3254 ad
664 3191 794 3254 Nobiles
824 3192 999 3256 Comitatus
1030 3195 1067 3255 do
1096 3192 1192 3256 Biltar
1221 3199 1344 3255 caetera

231 3281 312 3340 inter
333 3281 390 3340 bac
413 3280 578 3341 verborum
601 3277 736 3340 formula
759 3277 859 3340 utitur
875 3279 1015 3355 „Tamen
1037 3277 1110 3360 quia
1131 3276 1343 3343 intelleximus

232 3364 456 3442 „Honorem
487 3361 716 3426 Comitatus
749 3365 880 3426 vestri
910 3373 1108 3444 perpetuo
1131 3383 1342 3440 annexum,

232 3455 291 3528 „et
311 3449 558 3530 applicatum
582 3465 670 3508 esse
693 3447 898 3510 Ecclesiae
920 3449 1189 3510 Veradinensi
1211 3457 1269 3512 etc.
1286 3447 1343 3530 ⁰)“

135 3601 137 3605 ⁴
231 3536 369 3615 Adparet
391 3534 441 3596 vel
463 3552 499 3595 ex
521 3532 605 3609 istis,
629 3550 706 3611 quae
728 3533 927 3611 protulimus,
950 3532 983 3593 in
1007 3551 1113 3593 errore
1135 3533 1269 3610 versari,
1290 3530 1344 3610 qui

231 3620 425 3684 bonorem
450 3619 686 3682 Comitatus
715 3618 921 3698 synonimum
943 3635 1012 3679 cum
1034 3617 1241 3698 proventibus
1271 3633 1343 3678 esse

232 3704 415 3782 voluerunt,
447 3723 519 3767 nam
540 3703 735 3780 Provolutus,
766 3705 848 3782 quod
877 3701 1033 3765 Honori
1055 3710 1247 3782 accesserat,
1270 3702 1343 3766 indo

117 3869 120 3874 Ι
231 3791 373 3854 derivato
396 3791 521 3854 nomine
542 3788 820 3852 Honorarium
841 3788 1010 3853 etiamnum
1032 3788 1129 3852 audit.
1225 3847 1230 3860 ,

144 4005 344 4022 μυ-ιι--ιι-

176 4121 300 4196 ⁸).1222
314 4130 341 4182 2
353 4131 378 4182 5
393 4124 437 4180 14.
450 4128 493 4181 29.

176 4193 319 4264 Hujuso.
336 4201 404 4252 Deo
417 4199 460 4250 16.

162 4265 301 4328 >stas
320 4272 365 4322 ιι
381 4265 520 4335 rooba

177 4337 204 4400 1)
222 4340 266 4390 ltx
279 4341 398 4406 Autbog.
415 4337 495 4402 cujus
516 4335 663 4400 apograph.
682 4339 754 4389 exat.
772 4329 799 4380 ln
818 4329 926 4382 Museo
939 4329 1000 4382 Nat.

176 4355 449 4475 etennensium.
467 4405 648 4472 nselmum
663 4405 696 4459 P
713 4401 979 4468 rr.p.1oo.v

1096 4464 1261 4568 ιιΙ
