<?xml version="1.0" encoding="UTF-8"?>
<!DOCTYPE html PUBLIC "-//W3C//DTD XHTML 1.0 Transitional//EN"
    "http://www.w3.org/TR/xhtml1/DTD/xhtml1-transitional.dtd">
<html xmlns="http://www.w3.org/1999/xhtml" xml:lang="en" lang="en">
 <head>
  <title>
</title>
<meta http-equiv="Content-Type" content="text/html;charset=utf-8" />
  <meta name='ocr-system' content='tesseract 3.04.00' />
  <meta name='ocr-capabilities' content='ocr_page ocr_carea ocr_par ocr_line ocrx_word'/>
</head>
<body>
  <div class='ocr_page' id='page_1' title='image "./conspectusjuris00czirgoog_0235.png"; bbox 0 0 3158 4864; ppageno 0'>
   <div class='ocr_carea' id='block_1_1' title="bbox 1318 198 1414 314">
    <p class='ocr_par' dir='ltr' id='par_1_1' title="bbox 1318 198 1414 314">
     <span class='ocr_line' id='line_1_1' title="bbox 1318 198 1414 314; baseline 0 -36"><span class='ocrx_word' id='word_1_1' title='bbox 1318 198 1389 278; x_wconf 80' lang='lat' dir='ltr'><strong>os</strong></span> <span class='ocrx_word' id='word_1_2' title='bbox 1411 307 1414 314; x_wconf 19' lang='lat' dir='ltr'><em>s</em></span> 
     </span>
    </p>
   </div>
   <div class='ocr_carea' id='block_1_2' title="bbox 193 331 1387 465">
    <p class='ocr_par' dir='ltr' id='par_1_2' title="bbox 193 331 1387 465">
     <span class='ocr_line' id='line_1_2' title="bbox 193 331 1387 465; baseline 0.006 -26"><span class='ocrx_word' id='word_1_3' title='bbox 193 375 358 464; x_wconf 87' lang='lat' dir='ltr'><strong>pergunt,</strong></span> <span class='ocrx_word' id='word_1_4' title='bbox 385 366 543 462; x_wconf 80' lang='lat' dir='ltr'>duplices</span> <span class='ocrx_word' id='word_1_5' title='bbox 563 331 835 462; x_wconf 87' lang='lat' dir='ltr'><strong>omnitempore</strong></span> <span class='ocrx_word' id='word_1_6' title='bbox 853 367 1051 464; x_wconf 80' lang='lat' dir='ltr'><strong>Magnetes,</strong></span> <span class='ocrx_word' id='word_1_7' title='bbox 1071 362 1387 465; x_wconf 76' lang='lat' dir='ltr'><strong>officio&#39;videltcet,</strong></span> 
     </span>
    </p>
   </div>
   <div class='ocr_carea' id='block_1_3' title="bbox 95 467 1386 870">
    <p class='ocr_par' dir='ltr' id='par_1_3' title="bbox 194 467 1386 567">
     <span class='ocr_line' id='line_1_3' title="bbox 194 467 1386 567; baseline 0.007 -27"><span class='ocrx_word' id='word_1_8' title='bbox 194 492 236 540; x_wconf 94' lang='lat' dir='ltr'><strong>ac</strong></span> <span class='ocrx_word' id='word_1_9' title='bbox 254 490 390 562; x_wconf 85' lang='lat' dir='ltr'><strong>genere</strong></span> <span class='ocrx_word' id='word_1_10' title='bbox 409 467 498 542; x_wconf 89' lang='lat' dir='ltr'><strong>tales</strong></span> <span class='ocrx_word' id='word_1_11' title='bbox 517 471 553 540; x_wconf 92' lang='lat' dir='ltr'><strong>in</strong></span> <span class='ocrx_word' id='word_1_12' title='bbox 570 467 697 559; x_wconf 86' lang='lat' dir='ltr'><strong>Regno</strong></span> <span class='ocrx_word' id='word_1_13' title='bbox 727 467 862 557; x_wconf 84' lang='lat' dir='ltr'><strong>fuisse3</strong></span> <span class='ocrx_word' id='word_1_14' title='bbox 891 482 926 544; x_wconf 87' lang='lat' dir='ltr'><strong>et</strong></span> <span class='ocrx_word' id='word_1_15' title='bbox 943 483 1115 567; x_wconf 87' lang='lat' dir='ltr'><strong>utrosque</strong></span> <span class='ocrx_word' id='word_1_16' title='bbox 1133 480 1276 566; x_wconf 87' lang='lat' dir='ltr'><strong>practer</strong></span> <span class='ocrx_word' id='word_1_17' title='bbox 1300 474 1386 549; x_wconf 88' lang='lat' dir='ltr'><strong>Sta-</strong></span> 
     </span>
    </p>

    <p class='ocr_par' dir='ltr' id='par_1_4' title="bbox 95 569 1386 870">
     <span class='ocr_line' id='line_1_4' title="bbox 173 569 1386 669; baseline 0.007 -27"><span class='ocrx_word' id='word_1_18' title='bbox 173 580 248 642; x_wconf 88' lang='lat' dir='ltr'><strong>tus</strong></span> <span class='ocrx_word' id='word_1_19' title='bbox 268 573 323 642; x_wconf 85' lang='lat' dir='ltr'><strong>sui</strong></span> <span class='ocrx_word' id='word_1_20' title='bbox 341 570 524 664; x_wconf 91' lang='lat' dir='ltr'><strong>quandam,</strong></span> <span class='ocrx_word' id='word_1_21' title='bbox 544 569 791 665; x_wconf 76' lang='lat' dir='ltr'><strong>dignitatisque</strong></span> <span class='ocrx_word' id='word_1_22' title='bbox 809 571 1077 666; x_wconf 77' lang='lat' dir='ltr'><strong>praelationem,</strong></span> <span class='ocrx_word' id='word_1_23' title='bbox 1098 571 1141 642; x_wconf 91' lang='lat' dir='ltr'><strong>de</strong></span> <span class='ocrx_word' id='word_1_24' title='bbox 1161 595 1229 667; x_wconf 91' lang='lat' dir='ltr'><strong>quo</strong></span> <span class='ocrx_word' id='word_1_25' title='bbox 1247 575 1386 669; x_wconf 87' lang='lat' dir='ltr'><strong>quidem</strong></span> 
     </span>
     <span class='ocr_line' id='line_1_5' title="bbox 191 671 1385 769; baseline 0.008 -27"><span class='ocrx_word' id='word_1_26' title='bbox 191 693 296 744; x_wconf 90' lang='lat' dir='ltr'><strong>nemo</strong></span> <span class='ocrx_word' id='word_1_27' title='bbox 323 680 427 744; x_wconf 89' lang='lat' dir='ltr'><strong>antea</strong></span> <span class='ocrx_word' id='word_1_28' title='bbox 456 671 697 761; x_wconf 84' lang='lat' dir='ltr'><strong>dubitaverat,</strong></span> <span class='ocrx_word' id='word_1_29' title='bbox 731 682 852 767; x_wconf 91' lang='lat' dir='ltr'><strong>partes</strong></span> <span class='ocrx_word' id='word_1_30' title='bbox 884 695 949 748; x_wconf 87' lang='lat' dir='ltr'><strong>seu</strong></span> <span class='ocrx_word' id='word_1_31' title='bbox 974 679 1010 747; x_wconf 92' lang='lat' dir='ltr'><strong>in</strong></span> <span class='ocrx_word' id='word_1_32' title='bbox 1036 673 1205 769; x_wconf 83' lang='lat' dir='ltr'><strong>rogandis</strong></span> <span class='ocrx_word' id='word_1_33' title='bbox 1233 677 1385 768; x_wconf 87' lang='lat' dir='ltr'><strong>legibus,</strong></span> 
     </span>
     <span class='ocr_line' id='line_1_6' title="bbox 95 772 1312 870; baseline 0.003 -26"><span class='ocrx_word' id='word_1_34' title='bbox 95 859 98 870; x_wconf 31' lang='grc' dir='ltr'>Ι</span> <span class='ocrx_word' id='word_1_35' title='bbox 190 776 269 848; x_wconf 90' lang='lat' dir='ltr'><strong>sive</strong></span> <span class='ocrx_word' id='word_1_36' title='bbox 286 775 322 848; x_wconf 90' lang='lat' dir='ltr'><strong>in</strong></span> <span class='ocrx_word' id='word_1_37' title='bbox 339 772 491 868; x_wconf 92' lang='lat' dir='ltr'><strong>publicis</strong></span> <span class='ocrx_word' id='word_1_38' title='bbox 511 772 668 847; x_wconf 90' lang='lat' dir='ltr'><strong>consiliis</strong></span> <span class='ocrx_word' id='word_1_39' title='bbox 687 795 863 869; x_wconf 91' lang='lat' dir='ltr'><strong>nunquam</strong></span> <span class='ocrx_word' id='word_1_40' title='bbox 879 798 951 852; x_wconf 89' lang='lat' dir='ltr'><strong>non</strong></span> <span class='ocrx_word' id='word_1_41' title='bbox 970 779 1117 853; x_wconf 83' lang='lat' dir='ltr'><strong>eximias</strong></span> <span class='ocrx_word' id='word_1_42' title='bbox 1135 774 1312 850; x_wconf 89' lang='lat' dir='ltr'><strong>habuisse.</strong></span> 
     </span>
    </p>
   </div>
   <div class='ocr_carea' id='block_1_4' title="bbox 362 928 1204 1146">
    <p class='ocr_par' dir='ltr' id='par_1_5' title="bbox 362 928 1204 1146">
     <span class='ocr_line' id='line_1_7' title="bbox 738 928 861 1001; baseline 0 -3"><span class='ocrx_word' id='word_1_43' title='bbox 738 981 745 998; x_wconf 93' lang='lat'><strong>.</strong></span> <span class='ocrx_word' id='word_1_44' title='bbox 775 928 861 1001; x_wconf 78' lang='lat'><strong>253.</strong></span> 
     </span>
     <span class='ocr_line' id='line_1_8' title="bbox 362 928 1204 1146; baseline -0.002 -19"><span class='ocrx_word' id='word_1_45' title='bbox 362 1021 478 1127; x_wconf 77' lang='lat' dir='ltr'><strong>Salva</strong></span> <span class='ocrx_word' id='word_1_46' title='bbox 495 1073 643 1146; x_wconf 81' lang='lat' dir='ltr'><strong>semper</strong></span> <span class='ocrx_word' id='word_1_47' title='bbox 659 928 745 1138; x_wconf 62' lang='lat' dir='ltr'><strong>aad,</strong></span> <span class='ocrx_word' id='word_1_48' title='bbox 765 1052 968 1146; x_wconf 82' lang='lat' dir='ltr'><strong>eodemque</strong></span> <span class='ocrx_word' id='word_1_49' title='bbox 986 1053 1204 1128; x_wconf 75' lang='lat' dir='ltr'><strong>Nobilitate.</strong></span> 
     </span>
    </p>
   </div>
   <div class='ocr_carea' id='block_1_5' title="bbox 140 1179 1471 2404">
    <p class='ocr_par' dir='ltr' id='par_1_6' title="bbox 140 1179 1471 2286">
     <span class='ocr_line' id='line_1_9' title="bbox 287 1179 1382 1274; baseline -0.002 -22"><span class='ocrx_word' id='word_1_50' title='bbox 287 1181 357 1253; x_wconf 91' lang='lat' dir='ltr'><strong>Ast</strong></span> <span class='ocrx_word' id='word_1_51' title='bbox 373 1199 441 1252; x_wconf 90' lang='lat' dir='ltr'><strong>nec</strong></span> <span class='ocrx_word' id='word_1_52' title='bbox 458 1181 571 1252; x_wconf 91' lang='lat' dir='ltr'><strong>minus</strong></span> <span class='ocrx_word' id='word_1_53' title='bbox 591 1202 611 1251; x_wconf 93' lang='lat' dir='ltr'><strong>a</strong></span> <span class='ocrx_word' id='word_1_54' title='bbox 627 1199 717 1252; x_wconf 89' lang='lat' dir='ltr'><strong>vero</strong></span> <span class='ocrx_word' id='word_1_55' title='bbox 738 1179 963 1268; x_wconf 82' lang='lat' dir='ltr'><strong>deflecteret,</strong></span> <span class='ocrx_word' id='word_1_56' title='bbox 982 1183 1041 1274; x_wconf 94' lang='lat' dir='ltr'><strong>qui</strong></span> <span class='ocrx_word' id='word_1_57' title='bbox 1057 1180 1205 1268; x_wconf 87' lang='lat' dir='ltr'><strong>majora,</strong></span> <span class='ocrx_word' id='word_1_58' title='bbox 1224 1179 1286 1252; x_wconf 84' lang='lat' dir='ltr'><strong>vel</strong></span> <span class='ocrx_word' id='word_1_59' title='bbox 1303 1201 1382 1250; x_wconf 88' lang='lat' dir='ltr'><strong>am-</strong></span> 
     </span>
     <span class='ocr_line' id='line_1_10' title="bbox 187 1279 1380 1378; baseline 0.002 -27"><span class='ocrx_word' id='word_1_60' title='bbox 187 1282 302 1378; x_wconf 90' lang='lat' dir='ltr'><strong>pliora</strong></span> <span class='ocrx_word' id='word_1_61' title='bbox 318 1291 510 1378; x_wconf 86' lang='lat' dir='ltr'><strong>propterea</strong></span> <span class='ocrx_word' id='word_1_62' title='bbox 525 1282 630 1370; x_wconf 81' lang='lat' dir='ltr'><strong>Jura</strong></span> <span class='ocrx_word' id='word_1_63' title='bbox 659 1284 766 1352; x_wconf 92' lang='lat' dir='ltr'><strong>statui</strong></span> <span class='ocrx_word' id='word_1_64' title='bbox 794 1282 1004 1372; x_wconf 88' lang='lat' dir='ltr'><strong>Procerum,</strong></span> <span class='ocrx_word' id='word_1_65' title='bbox 1039 1301 1125 1376; x_wconf 91' lang='lat' dir='ltr'><strong>prae</strong></span> <span class='ocrx_word' id='word_1_66' title='bbox 1150 1279 1286 1375; x_wconf 89' lang='lat' dir='ltr'><strong>reliqua</strong></span> <span class='ocrx_word' id='word_1_67' title='bbox 1310 1303 1380 1353; x_wconf 91' lang='lat' dir='ltr'><strong>una</strong></span> 
     </span>
     <span class='ocr_line' id='line_1_11' title="bbox 186 1380 1381 1480; baseline -0.002 -25"><span class='ocrx_word' id='word_1_68' title='bbox 186 1404 340 1480; x_wconf 86' lang='lat' dir='ltr'><strong>semper,</strong></span> <span class='ocrx_word' id='word_1_69' title='bbox 377 1383 569 1476; x_wconf 87' lang='lat' dir='ltr'><strong>eademque</strong></span> <span class='ocrx_word' id='word_1_70' title='bbox 587 1380 791 1470; x_wconf 88' lang='lat' dir='ltr'><strong>Nobilitate,</strong></span> <span class='ocrx_word' id='word_1_71' title='bbox 818 1383 929 1454; x_wconf 87' lang='lat' dir='ltr'><strong>vellet</strong></span> <span class='ocrx_word' id='word_1_72' title='bbox 947 1402 1123 1455; x_wconf 86' lang='lat' dir='ltr'><strong>asserere.</strong></span> <span class='ocrx_word' id='word_1_73' title='bbox 1160 1380 1257 1452; x_wconf 91' lang='lat' dir='ltr'><strong>Haec</strong></span> <span class='ocrx_word' id='word_1_74' title='bbox 1275 1387 1381 1473; x_wconf 87' lang='lat' dir='ltr'><strong>enim,</strong></span> 
     </span>
     <span class='ocr_line' id='line_1_12' title="bbox 140 1482 1380 1581; baseline 0.001 -25"><span class='ocrx_word' id='word_1_75' title='bbox 140 1525 142 1530; x_wconf 66' lang='lat'><strong>,</strong></span> <span class='ocrx_word' id='word_1_76' title='bbox 187 1508 276 1581; x_wconf 90' lang='lat' dir='ltr'><strong>quae</strong></span> <span class='ocrx_word' id='word_1_77' title='bbox 297 1485 340 1556; x_wconf 89' lang='lat' dir='ltr'><strong>ad</strong></span> <span class='ocrx_word' id='word_1_78' title='bbox 364 1484 568 1557; x_wconf 85' lang='lat' dir='ltr'><strong>historicam</strong></span> <span class='ocrx_word' id='word_1_79' title='bbox 594 1484 689 1555; x_wconf 83' lang='lat' dir='ltr'><strong>turis</strong></span> <span class='ocrx_word' id='word_1_80' title='bbox 719 1485 833 1555; x_wconf 86' lang='lat' dir='ltr'><strong>nostri</strong></span> <span class='ocrx_word' id='word_1_81' title='bbox 862 1487 1067 1574; x_wconf 91' lang='lat' dir='ltr'><strong>scientiam,</strong></span> <span class='ocrx_word' id='word_1_82' title='bbox 1104 1484 1274 1579; x_wconf 86' lang='lat' dir='ltr'><strong>ampliore</strong></span> <span class='ocrx_word' id='word_1_83' title='bbox 1300 1482 1380 1558; x_wconf 89' lang='lat' dir='ltr'><strong>luce</strong></span> 
     </span>
     <span class='ocr_line' id='line_1_13' title="bbox 188 1585 1380 1681; baseline 0 -23"><span class='ocrx_word' id='word_1_84' title='bbox 188 1587 394 1676; x_wconf 87' lang='lat' dir='ltr'><strong>donandam,</strong></span> <span class='ocrx_word' id='word_1_85' title='bbox 437 1588 684 1659; x_wconf 89' lang='lat' dir='ltr'><strong>nonnullorum</strong></span> <span class='ocrx_word' id='word_1_86' title='bbox 712 1585 806 1658; x_wconf 87' lang='lat' dir='ltr'><strong>forte</strong></span> <span class='ocrx_word' id='word_1_87' title='bbox 852 1588 1019 1680; x_wconf 89' lang='lat' dir='ltr'><strong>opinione</strong></span> <span class='ocrx_word' id='word_1_88' title='bbox 1047 1585 1245 1681; x_wconf 84' lang='lat' dir='ltr'><strong>prolixius,</strong></span> <span class='ocrx_word' id='word_1_89' title='bbox 1277 1607 1380 1681; x_wconf 92' lang='lat' dir='ltr'><strong>quam</strong></span> 
     </span>
     <span class='ocr_line' id='line_1_14' title="bbox 187 1686 1379 1784; baseline 0.001 -24"><span class='ocrx_word' id='word_1_90' title='bbox 187 1690 385 1784; x_wconf 89' lang='lat' dir='ltr'><strong>oportebat,</strong></span> <span class='ocrx_word' id='word_1_91' title='bbox 415 1690 656 1779; x_wconf 88' lang='lat' dir='ltr'><strong>disseruimus,</strong></span> <span class='ocrx_word' id='word_1_92' title='bbox 685 1698 861 1782; x_wconf 92' lang='lat' dir='ltr'><strong>utcunque</strong></span> <span class='ocrx_word' id='word_1_93' title='bbox 890 1687 1022 1760; x_wconf 89' lang='lat' dir='ltr'><strong>fuerint</strong></span> <span class='ocrx_word' id='word_1_94' title='bbox 1045 1686 1245 1782; x_wconf 90' lang='lat' dir='ltr'><strong>aliquando,</strong></span> <span class='ocrx_word' id='word_1_95' title='bbox 1269 1688 1379 1762; x_wconf 85' lang='lat' dir='ltr'><strong>salvis</strong></span> 
     </span>
     <span class='ocr_line' id='line_1_15' title="bbox 183 1789 1379 1885; baseline 0 -25"><span class='ocrx_word' id='word_1_96' title='bbox 183 1791 321 1885; x_wconf 89' lang='lat' dir='ltr'><strong>legibus</strong></span> <span class='ocrx_word' id='word_1_97' title='bbox 348 1792 518 1864; x_wconf 89' lang='lat' dir='ltr'><strong>Ludovici</strong></span> <span class='ocrx_word' id='word_1_98' title='bbox 536 1790 577 1880; x_wconf 90' lang='lat' dir='ltr'><strong>l.,</strong></span> <span class='ocrx_word' id='word_1_99' title='bbox 606 1791 754 1862; x_wconf 89' lang='lat' dir='ltr'><strong>articulo</strong></span> <span class='ocrx_word' id='word_1_100' title='bbox 786 1795 858 1880; x_wconf 79' lang='lat'><strong>11,</strong></span> <span class='ocrx_word' id='word_1_101' title='bbox 897 1799 933 1862; x_wconf 91' lang='lat' dir='ltr'><strong>et</strong></span> <span class='ocrx_word' id='word_1_102' title='bbox 957 1792 1070 1864; x_wconf 91' lang='lat' dir='ltr'><strong>Partis</strong></span> <span class='ocrx_word' id='word_1_103' title='bbox 1089 1789 1115 1861; x_wconf 92' lang='grc' dir='ltr'><strong>Ι.</strong></span> <span class='ocrx_word' id='word_1_104' title='bbox 1145 1793 1197 1861; x_wconf 91' lang='lat' dir='ltr'><strong>tit.</strong></span> <span class='ocrx_word' id='word_1_105' title='bbox 1227 1789 1287 1860; x_wconf 82' lang='lat' dir='ltr'><strong>lx.</strong></span> <span class='ocrx_word' id='word_1_106' title='bbox 1307 1811 1379 1860; x_wconf 85' lang='lat' dir='ltr'><strong>ex-</strong></span> 
     </span>
     <span class='ocr_line' id='line_1_16' title="bbox 183 1891 1379 1987; baseline 0 -25"><span class='ocrx_word' id='word_1_107' title='bbox 183 1898 332 1987; x_wconf 88' lang='lat' dir='ltr'><strong>pressis,</strong></span> <span class='ocrx_word' id='word_1_108' title='bbox 353 1892 556 1985; x_wconf 88' lang='lat' dir='ltr'><strong>accipienda</strong></span> <span class='ocrx_word' id='word_1_109' title='bbox 573 1895 742 1964; x_wconf 84' lang='lat' dir='ltr'><strong>veniunt:</strong></span> <span class='ocrx_word' id='word_1_110' title='bbox 772 1891 892 1981; x_wconf 81' lang='lat' dir='ltr'><strong>„Nec</strong></span> <span class='ocrx_word' id='word_1_111' title='bbox 918 1897 1037 1963; x_wconf 88' lang='lat' dir='ltr'><strong>cuim</strong></span> <span class='ocrx_word' id='word_1_112' title='bbox 1063 1900 1379 1986; x_wconf 88' lang='lat' dir='ltr'><strong>propterea-</strong></span> 
     </span>
     <span class='ocr_line' id='line_1_17' title="bbox 181 1990 1471 2088; baseline 0.002 -25"><span class='ocrx_word' id='word_1_113' title='bbox 181 2003 334 2088; x_wconf 74' lang='lat' dir='ltr'><strong>„repeto</strong></span> <span class='ocrx_word' id='word_1_114' title='bbox 353 1996 479 2062; x_wconf 89' lang='lat' dir='ltr'><strong>iterum</strong></span> <span class='ocrx_word' id='word_1_115' title='bbox 496 1990 607 2062; x_wconf 87' lang='lat' dir='ltr'><strong>verba</strong></span> <span class='ocrx_word' id='word_1_116' title='bbox 626 1992 816 2064; x_wconf 85' lang='lat' dir='ltr'><strong>Verbbcnii</strong></span> <span class='ocrx_word' id='word_1_117' title='bbox 835 2031 887 2042; x_wconf 93' lang='lat'>-</span> <span class='ocrx_word' id='word_1_118' title='bbox 909 1991 1051 2064; x_wconf 87' lang='lat' dir='ltr'><strong>habet</strong></span> <span class='ocrx_word' id='word_1_119' title='bbox 1083 1992 1377 2065; x_wconf 90' lang='lat' dir='ltr'><strong>Dominarum</strong></span> <span class='ocrx_word' id='word_1_120' title='bbox 1469 2017 1471 2021; x_wconf 90' lang='lat'>·</span> 
     </span>
     <span class='ocr_line' id='line_1_18' title="bbox 185 2090 1376 2188; baseline 0.004 -24"><span class='ocrx_word' id='word_1_121' title='bbox 185 2094 383 2188; x_wconf 83' lang='lat' dir='ltr'><strong>„aliquis</strong></span> <span class='ocrx_word' id='word_1_122' title='bbox 416 2093 582 2182; x_wconf 89' lang='lat' dir='ltr'><strong>majus,</strong></span> <span class='ocrx_word' id='word_1_123' title='bbox 627 2113 712 2163; x_wconf 91' lang='lat' dir='ltr'><strong>nec</strong></span> <span class='ocrx_word' id='word_1_124' title='bbox 738 2090 929 2164; x_wconf 89' lang='lat' dir='ltr'><strong>Nobilis</strong></span> <span class='ocrx_word' id='word_1_125' title='bbox 964 2096 1199 2187; x_wconf 90' lang='lat' dir='ltr'><strong>quispiam</strong></span> <span class='ocrx_word' id='word_1_126' title='bbox 1226 2096 1376 2170; x_wconf 87' lang='lat' dir='ltr'><strong>minus</strong></span> 
     </span>
     <span class='ocr_line' id='line_1_19' title="bbox 184 2193 544 2286; baseline -0.011 -19"><span class='ocrx_word' id='word_1_127' title='bbox 184 2193 259 2286; x_wconf 82' lang='lat' dir='ltr'><strong>„de</strong></span> <span class='ocrx_word' id='word_1_128' title='bbox 284 2193 544 2268; x_wconf 83' lang='lat' dir='ltr'><strong>libertate.“</strong></span> 
     </span>
    </p>

    <p class='ocr_par' dir='ltr' id='par_1_7' title="bbox 642 2318 856 2404">
     <span class='ocr_line' id='line_1_20' title="bbox 642 2318 856 2404; baseline -0.019 -12"><span class='ocrx_word' id='word_1_129' title='bbox 642 2351 647 2359; x_wconf 66' lang='lat'><strong><em>¹</em></strong></span> <span class='ocrx_word' id='word_1_130' title='bbox 704 2318 741 2404; x_wconf 83' lang='lat'><strong>§.</strong></span> <span class='ocrx_word' id='word_1_131' title='bbox 771 2319 856 2392; x_wconf 78' lang='lat'><strong>254.</strong></span> 
     </span>
    </p>
   </div>
   <div class='ocr_carea' id='block_1_6' title="bbox 282 2443 1468 2668">
    <p class='ocr_par' dir='ltr' id='par_1_8' title="bbox 282 2443 1468 2668">
     <span class='ocr_line' id='line_1_21' title="bbox 346 2443 1206 2537; baseline -0.001 -19"><span class='ocrx_word' id='word_1_132' title='bbox 346 2445 475 2518; x_wconf 80' lang='lat' dir='ltr'><strong>Utrum</strong></span> <span class='ocrx_word' id='word_1_133' title='bbox 501 2443 780 2518; x_wconf 78' lang='lat' dir='ltr'><strong>haereditarios</strong></span> <span class='ocrx_word' id='word_1_134' title='bbox 805 2447 1012 2537; x_wconf 81' lang='lat' dir='ltr'><strong>Supremos</strong></span> <span class='ocrx_word' id='word_1_135' title='bbox 1034 2447 1206 2520; x_wconf 72' lang='lat' dir='ltr'><strong>cometes.</strong></span> 
     </span>
     <span class='ocr_line' id='line_1_22' title="bbox 282 2567 1468 2668; baseline 0.001 -28"><span class='ocrx_word' id='word_1_136' title='bbox 282 2568 455 2642; x_wconf 85' lang='lat' dir='ltr'><strong>Remanet</strong></span> <span class='ocrx_word' id='word_1_137' title='bbox 473 2567 585 2642; x_wconf 92' lang='lat' dir='ltr'><strong>adbuc</strong></span> <span class='ocrx_word' id='word_1_138' title='bbox 615 2591 717 2641; x_wconf 89' lang='lat' dir='ltr'><strong>error</strong></span> <span class='ocrx_word' id='word_1_139' title='bbox 736 2572 779 2644; x_wconf 88' lang='lat' dir='ltr'><strong>iis</strong></span> <span class='ocrx_word' id='word_1_140' title='bbox 799 2572 1018 2664; x_wconf 77' lang='lat' dir='ltr'><strong>eximendae,</strong></span> <span class='ocrx_word' id='word_1_141' title='bbox 1048 2574 1106 2668; x_wconf 92' lang='lat' dir='ltr'><strong>qui</strong></span> <span class='ocrx_word' id='word_1_142' title='bbox 1128 2571 1281 2644; x_wconf 85' lang='lat' dir='ltr'><strong>cilicium</strong></span> <span class='ocrx_word' id='word_1_143' title='bbox 1303 2569 1376 2646; x_wconf 87' lang='lat' dir='ltr'><strong>Su·</strong></span> <span class='ocrx_word' id='word_1_144' title='bbox 1448 2613 1468 2630; x_wconf 34' lang='lat' dir='ltr'><strong>v-</strong></span> 
     </span>
    </p>
   </div>
   <div class='ocr_carea' id='block_1_7' title="bbox 88 2668 1522 2768">
    <p class='ocr_par' dir='ltr' id='par_1_9' title="bbox 88 2668 1522 2768">
     <span class='ocr_line' id='line_1_23' title="bbox 88 2668 1522 2768; baseline 0.011 -34"><span class='ocrx_word' id='word_1_145' title='bbox 88 2729 90 2734; x_wconf 83' lang='lat'><em>.</em></span> <span class='ocrx_word' id='word_1_146' title='bbox 181 2674 293 2768; x_wconf 91' lang='lat' dir='ltr'><strong>premi</strong></span> <span class='ocrx_word' id='word_1_147' title='bbox 311 2668 454 2744; x_wconf 81' lang='lat' dir='ltr'><strong>Comitis</strong></span> <span class='ocrx_word' id='word_1_148' title='bbox 481 2671 752 2744; x_wconf 89' lang='lat' dir='ltr'><strong>haereditarium</strong></span> <span class='ocrx_word' id='word_1_149' title='bbox 780 2671 918 2766; x_wconf 87' lang='lat' dir='ltr'><strong>legibus</strong></span> <span class='ocrx_word' id='word_1_150' title='bbox 948 2673 1065 2768; x_wconf 86' lang='lat' dir='ltr'><strong>Regni</strong></span> <span class='ocrx_word' id='word_1_151' title='bbox 1100 2669 1375 2747; x_wconf 83' lang='lat' dir='ltr'><strong>fundamentali-</strong></span> <span class='ocrx_word' id='word_1_152' title='bbox 1437 2679 1439 2684; x_wconf 75' lang='grc'><em>’</em></span> <span class='ocrx_word' id='word_1_153' title='bbox 1516 2753 1522 2760; x_wconf 66' lang='grc'><strong><em>,</em></strong></span> 
     </span>
    </p>
   </div>
   <div class='ocr_carea' id='block_1_8' title="bbox 169 2771 1446 3481">
    <p class='ocr_par' dir='ltr' id='par_1_10' title="bbox 169 2771 1446 3481">
     <span class='ocr_line' id='line_1_24' title="bbox 179 2771 1372 2870; baseline 0.003 -25"><span class='ocrx_word' id='word_1_154' title='bbox 179 2771 245 2847; x_wconf 92' lang='lat' dir='ltr'><strong>bus</strong></span> <span class='ocrx_word' id='word_1_155' title='bbox 263 2772 446 2847; x_wconf 88' lang='lat' dir='ltr'><strong>adversari</strong></span> <span class='ocrx_word' id='word_1_156' title='bbox 465 2776 686 2847; x_wconf 86' lang='lat' dir='ltr'><strong>existimant:</strong></span> <span class='ocrx_word' id='word_1_157' title='bbox 714 2774 877 2870; x_wconf 89' lang='lat' dir='ltr'><strong>profecto</strong></span> <span class='ocrx_word' id='word_1_158' title='bbox 898 2784 957 2848; x_wconf 90' lang='lat' dir='ltr'><strong>aut</strong></span> <span class='ocrx_word' id='word_1_159' title='bbox 982 2799 1050 2870; x_wconf 88' lang='lat' dir='ltr'><strong>ego</strong></span> <span class='ocrx_word' id='word_1_160' title='bbox 1077 2775 1194 2866; x_wconf 91' lang='lat' dir='ltr'><strong>fallor,</strong></span> <span class='ocrx_word' id='word_1_161' title='bbox 1222 2786 1372 2848; x_wconf 89' lang='lat' dir='ltr'><strong>autnon</strong></span> 
     </span>
     <span class='ocr_line' id='line_1_25' title="bbox 179 2874 1370 2968; baseline 0.003 -23"><span class='ocrx_word' id='word_1_162' title='bbox 179 2874 360 2948; x_wconf 87' lang='lat' dir='ltr'><strong>infundatc</strong></span> <span class='ocrx_word' id='word_1_163' title='bbox 371 2899 515 2965; x_wconf 86' lang='lat' dir='ltr'><strong>vereor,</strong></span> <span class='ocrx_word' id='word_1_164' title='bbox 528 2900 573 2949; x_wconf 89' lang='lat' dir='ltr'><strong>ne</strong></span> <span class='ocrx_word' id='word_1_165' title='bbox 592 2876 644 2948; x_wconf 91' lang='lat' dir='ltr'><strong>illi</strong></span> <span class='ocrx_word' id='word_1_166' title='bbox 660 2876 783 2968; x_wconf 88' lang='lat' dir='ltr'><strong>verba,</strong></span> <span class='ocrx_word' id='word_1_167' title='bbox 797 2899 843 2950; x_wconf 88' lang='lat' dir='ltr'><strong>cx</strong></span> <span class='ocrx_word' id='word_1_168' title='bbox 859 2879 1006 2951; x_wconf 88' lang='lat' dir='ltr'><strong>articulo</strong></span> <span class='ocrx_word' id='word_1_169' title='bbox 1017 2878 1294 2951; x_wconf 86' lang='lat' dir='ltr'><strong>BullaeAureae</strong></span> <span class='ocrx_word' id='word_1_170' title='bbox 1314 2879 1370 2952; x_wconf 84' lang='lat' dir='ltr'><strong>to.</strong></span> 
     </span>
     <span class='ocr_line' id='line_1_26' title="bbox 178 2978 1372 3076; baseline 0.003 -29"><span class='ocrx_word' id='word_1_171' title='bbox 178 2978 215 3048; x_wconf 94' lang='lat' dir='ltr'><strong>in</strong></span> <span class='ocrx_word' id='word_1_172' title='bbox 243 3000 318 3049; x_wconf 89' lang='lat' dir='ltr'><strong>rem</strong></span> <span class='ocrx_word' id='word_1_173' title='bbox 349 3000 447 3051; x_wconf 94' lang='lat' dir='ltr'><strong>suam</strong></span> <span class='ocrx_word' id='word_1_174' title='bbox 474 2978 643 3068; x_wconf 88' lang='lat' dir='ltr'><strong>adducta,</strong></span> <span class='ocrx_word' id='word_1_175' title='bbox 683 2989 719 3050; x_wconf 90' lang='lat' dir='ltr'><strong>et</strong></span> <span class='ocrx_word' id='word_1_176' title='bbox 745 3001 810 3075; x_wconf 89' lang='lat' dir='ltr'><strong>per</strong></span> <span class='ocrx_word' id='word_1_177' title='bbox 838 3001 905 3052; x_wconf 89' lang='lat' dir='ltr'><strong>nos</strong></span> <span class='ocrx_word' id='word_1_178' title='bbox 937 2981 1041 3076; x_wconf 92' lang='lat' dir='ltr'><strong>paulo</strong></span> <span class='ocrx_word' id='word_1_179' title='bbox 1070 2991 1160 3068; x_wconf 76' lang='lat' dir='ltr'><strong>anta¹</strong></span> <span class='ocrx_word' id='word_1_180' title='bbox 1182 2980 1372 3075; x_wconf 91' lang='lat' dir='ltr'><strong>adscripta,</strong></span> 
     </span>
     <span class='ocr_line' id='line_1_27' title="bbox 177 3079 1446 3178; baseline 0.003 -28"><span class='ocrx_word' id='word_1_181' title='bbox 177 3101 267 3174; x_wconf 90' lang='lat' dir='ltr'><strong>quac</strong></span> <span class='ocrx_word' id='word_1_182' title='bbox 287 3103 414 3178; x_wconf 88' lang='lat' dir='ltr'><strong>nempe</strong></span> <span class='ocrx_word' id='word_1_183' title='bbox 440 3084 663 3174; x_wconf 87' lang='lat' dir='ltr'><strong>integros</strong></span> <span class='ocrx_word' id='word_1_184' title='bbox 691 3079 843 3174; x_wconf 84' lang='lat' dir='ltr'><strong>Regni</strong></span> <span class='ocrx_word' id='word_1_185' title='bbox 870 3081 1133 3156; x_wconf 81' lang='lat' dir='ltr'><strong>Comitatus</strong></span> <span class='ocrx_word' id='word_1_186' title='bbox 1159 3085 1371 3178; x_wconf 91' lang='lat' dir='ltr'><strong>privatis</strong></span> <span class='ocrx_word' id='word_1_187' title='bbox 1444 3135 1446 3140; x_wconf 87' lang='lat'>-</span> 
     </span>
     <span class='ocr_line' id='line_1_28' title="bbox 169 3181 1370 3281; baseline 0.002 -31"><span class='ocrx_word' id='word_1_188' title='bbox 169 3181 428 3272; x_wconf 84' lang='lat' dir='ltr'><strong>conferre,</strong></span> <span class='ocrx_word' id='word_1_189' title='bbox 454 3183 534 3254; x_wconf 88' lang='lat' dir='ltr'><strong>vel</strong></span> <span class='ocrx_word' id='word_1_190' title='bbox 562 3182 852 3276; x_wconf 87' lang='lat' dir='ltr'><strong>dignitatem</strong></span> <span class='ocrx_word' id='word_1_191' title='bbox 879 3189 1133 3281; x_wconf 89' lang='lat' dir='ltr'><strong>quampiam</strong></span> <span class='ocrx_word' id='word_1_192' title='bbox 1159 3187 1370 3280; x_wconf 87' lang='lat' dir='ltr'><strong>privato-</strong></span> 
     </span>
     <span class='ocr_line' id='line_1_29' title="bbox 174 3283 1367 3381; baseline 0.003 -27"><span class='ocrx_word' id='word_1_193' title='bbox 174 3305 264 3354; x_wconf 86' lang='lat' dir='ltr'><strong>rum</strong></span> <span class='ocrx_word' id='word_1_194' title='bbox 301 3283 551 3356; x_wconf 89' lang='lat' dir='ltr'><strong>haerediis</strong></span> <span class='ocrx_word' id='word_1_195' title='bbox 587 3293 821 3378; x_wconf 86' lang='lat' dir='ltr'><strong>perpetuo</strong></span> <span class='ocrx_word' id='word_1_196' title='bbox 861 3287 1066 3381; x_wconf 90' lang='lat' dir='ltr'><strong>alligare</strong></span> <span class='ocrx_word' id='word_1_197' title='bbox 1095 3309 1142 3360; x_wconf 87' lang='lat' dir='ltr'><strong>ex</strong></span> <span class='ocrx_word' id='word_1_198' title='bbox 1171 3283 1367 3358; x_wconf 86' lang='lat' dir='ltr'><strong>rationibus</strong></span> 
     </span>
     <span class='ocr_line' id='line_1_30' title="bbox 174 3384 1368 3481; baseline 0.002 -25"><span class='ocrx_word' id='word_1_199' title='bbox 174 3386 327 3480; x_wconf 89' lang='lat' dir='ltr'><strong>patulis,</strong></span> <span class='ocrx_word' id='word_1_200' title='bbox 354 3407 419 3481; x_wconf 90' lang='lat' dir='ltr'><strong>per</strong></span> <span class='ocrx_word' id='word_1_201' title='bbox 436 3406 492 3454; x_wconf 89' lang='lat' dir='ltr'><strong>me</strong></span> <span class='ocrx_word' id='word_1_202' title='bbox 521 3406 585 3458; x_wconf 89' lang='lat' dir='ltr'><strong>suo</strong></span> <span class='ocrx_word' id='word_1_203' title='bbox 604 3387 685 3457; x_wconf 92' lang='lat' dir='ltr'><strong>loco</strong></span> <span class='ocrx_word' id='word_1_204' title='bbox 699 3384 848 3460; x_wconf 89' lang='lat' dir='ltr'><strong>adfatim</strong></span> <span class='ocrx_word' id='word_1_205' title='bbox 865 3427 916 3440; x_wconf 90' lang='lat'>-</span> <span class='ocrx_word' id='word_1_206' title='bbox 934 3399 971 3460; x_wconf 95' lang='lat' dir='ltr'><strong>ut</strong></span> <span class='ocrx_word' id='word_1_207' title='bbox 999 3389 1149 3462; x_wconf 87' lang='lat' dir='ltr'><strong>arbitror</strong></span> <span class='ocrx_word' id='word_1_208' title='bbox 1166 3428 1218 3441; x_wconf 90' lang='lat'><strong>--</strong></span> <span class='ocrx_word' id='word_1_209' title='bbox 1234 3410 1368 3460; x_wconf 89' lang='lat' dir='ltr'><strong>recen-</strong></span> 
     </span>
    </p>
   </div>
   <div class='ocr_carea' id='block_1_9' title="bbox 174 3486 1492 3685">
    <p class='ocr_par' dir='ltr' id='par_1_11' title="bbox 174 3486 1492 3685">
     <span class='ocr_line' id='line_1_31' title="bbox 175 3486 1489 3584; baseline -0.001 -25"><span class='ocrx_word' id='word_1_210' title='bbox 175 3489 275 3577; x_wconf 88' lang='lat' dir='ltr'><strong>sitis,</strong></span> <span class='ocrx_word' id='word_1_211' title='bbox 310 3486 544 3576; x_wconf 89' lang='lat' dir='ltr'><strong>interdicunt,</strong></span> <span class='ocrx_word' id='word_1_212' title='bbox 582 3487 675 3557; x_wconf 92' lang='lat' dir='ltr'><strong>idem</strong></span> <span class='ocrx_word' id='word_1_213' title='bbox 701 3491 841 3562; x_wconf 90' lang='lat' dir='ltr'><strong>omnino</strong></span> <span class='ocrx_word' id='word_1_214' title='bbox 873 3489 1073 3581; x_wconf 84' lang='lat' dir='ltr'><strong>significare</strong></span> <span class='ocrx_word' id='word_1_215' title='bbox 1103 3489 1365 3584; x_wconf 92' lang='lat' dir='ltr'><strong>comprobando</strong></span> <span class='ocrx_word' id='word_1_216' title='bbox 1487 3515 1489 3520; x_wconf 95' lang='lat'>·</span> 
     </span>
     <span class='ocr_line' id='line_1_32' title="bbox 174 3581 1492 3685; baseline -0.001 -23"><span class='ocrx_word' id='word_1_217' title='bbox 174 3591 268 3678; x_wconf 88' lang='lat' dir='ltr'><strong>sint,</strong></span> <span class='ocrx_word' id='word_1_218' title='bbox 298 3587 451 3685; x_wconf 89' lang='lat' dir='ltr'><strong>acquod</strong></span> <span class='ocrx_word' id='word_1_219' title='bbox 478 3588 692 3683; x_wconf 85' lang='lat' dir='ltr'><strong>Suprcmi</strong></span> <span class='ocrx_word' id='word_1_220' title='bbox 720 3584 914 3663; x_wconf 83' lang='lat' dir='ltr'><strong>Comitis</strong></span> <span class='ocrx_word' id='word_1_221' title='bbox 942 3581 1171 3662; x_wconf 82' lang='lat' dir='ltr'><strong>Officium</strong></span> <span class='ocrx_word' id='word_1_222' title='bbox 1198 3591 1366 3660; x_wconf 89' lang='lat' dir='ltr'><strong>hacre—</strong></span> <span class='ocrx_word' id='word_1_223' title='bbox 1490 3593 1492 3596; x_wconf 81' lang='grc'><strong>’</strong></span> 
     </span>
    </p>
   </div>
   <div class='ocr_carea' id='block_1_10' title="bbox 169 3685 1436 4302">
    <p class='ocr_par' dir='ltr' id='par_1_12' title="bbox 169 3685 1436 4302">
     <span class='ocr_line' id='line_1_33' title="bbox 174 3685 1366 3791; baseline 0.001 -29"><span class='ocrx_word' id='word_1_224' title='bbox 174 3691 351 3763; x_wconf 90' lang='lat' dir='ltr'><strong>ditarie</strong></span> <span class='ocrx_word' id='word_1_225' title='bbox 385 3713 477 3764; x_wconf 87' lang='lat' dir='ltr'><strong>non</strong></span> <span class='ocrx_word' id='word_1_226' title='bbox 518 3689 741 3762; x_wconf 89' lang='lat' dir='ltr'><strong>conferemus</strong></span> <span class='ocrx_word' id='word_1_227' title='bbox 775 3685 826 3791; x_wconf 63' lang='grc' dir='ltr'><strong>Ἴ.</strong></span> <span class='ocrx_word' id='word_1_228' title='bbox 867 3688 1003 3767; x_wconf 81' lang='lat' dir='ltr'><strong>Clarius</strong></span> <span class='ocrx_word' id='word_1_229' title='bbox 1040 3693 1178 3789; x_wconf 91' lang='lat' dir='ltr'><strong>quidem</strong></span> <span class='ocrx_word' id='word_1_230' title='bbox 1211 3729 1264 3744; x_wconf 89' lang='lat'>-</span> <span class='ocrx_word' id='word_1_231' title='bbox 1295 3712 1366 3764; x_wconf 91' lang='lat' dir='ltr'><strong>non</strong></span> 
     </span>
     <span class='ocr_line' id='line_1_34' title="bbox 174 3791 1413 3888; baseline 0.007 -25"><span class='ocrx_word' id='word_1_232' title='bbox 174 3791 325 3865; x_wconf 86' lang='lat' dir='ltr'><strong>diffiteor</strong></span> <span class='ocrx_word' id='word_1_233' title='bbox 342 3833 394 3845; x_wconf 90' lang='lat'><em>-</em></span> <span class='ocrx_word' id='word_1_234' title='bbox 420 3792 482 3866; x_wconf 85' lang='lat' dir='ltr'><strong>lex</strong></span> <span class='ocrx_word' id='word_1_235' title='bbox 500 3793 701 3867; x_wconf 88' lang='lat' dir='ltr'><strong>alteranon</strong></span> <span class='ocrx_word' id='word_1_236' title='bbox 720 3793 859 3888; x_wconf 89' lang='lat' dir='ltr'><strong>quidem</strong></span> <span class='ocrx_word' id='word_1_237' title='bbox 885 3795 1179 3888; x_wconf 87' lang='lat' dir='ltr'><strong>fundamentalis,</strong></span> <span class='ocrx_word' id='word_1_238' title='bbox 1207 3795 1367 3867; x_wconf 89' lang='lat' dir='ltr'><strong>nimirum</strong></span> <span class='ocrx_word' id='word_1_239' title='bbox 1411 3867 1413 3872; x_wconf 89' lang='lat'><em>.</em></span> 
     </span>
     <span class='ocr_line' id='line_1_35' title="bbox 171 3889 1365 3996; baseline 0.003 -32"><span class='ocrx_word' id='word_1_240' title='bbox 171 3893 341 3967; x_wconf 87' lang='lat' dir='ltr'><strong>Uladislai</strong></span> <span class='ocrx_word' id='word_1_241' title='bbox 367 3893 400 3966; x_wconf 92' lang='lat' dir='ltr'><strong>ll</strong></span> <span class='ocrx_word' id='word_1_242' title='bbox 431 3889 460 3996; x_wconf 74' lang='lat'><strong>⁸)</strong></span> <span class='ocrx_word' id='word_1_243' title='bbox 489 3896 531 3968; x_wconf 94' lang='lat' dir='ltr'><strong>de</strong></span> <span class='ocrx_word' id='word_1_244' title='bbox 561 3895 676 3968; x_wconf 83' lang='lat' dir='ltr'><strong>clllcio</strong></span> <span class='ocrx_word' id='word_1_245' title='bbox 707 3895 868 3992; x_wconf 87' lang='lat' dir='ltr'><strong>Suprcmi</strong></span> <span class='ocrx_word' id='word_1_246' title='bbox 899 3895 1066 3988; x_wconf 79' lang='lat' dir='ltr'><strong>Comitis,</strong></span> <span class='ocrx_word' id='word_1_247' title='bbox 1094 3902 1365 3995; x_wconf 89' lang='lat' dir='ltr'><strong>inperpetuum</strong></span> 
     </span>
     <span class='ocr_line' id='line_1_36' title="bbox 171 3997 1365 4095; baseline 0.003 -29"><span class='ocrx_word' id='word_1_248' title='bbox 171 4017 243 4068; x_wconf 92' lang='lat' dir='ltr'><strong>non</strong></span> <span class='ocrx_word' id='word_1_249' title='bbox 262 3997 505 4088; x_wconf 89' lang='lat' dir='ltr'><strong>conferendo,</strong></span> <span class='ocrx_word' id='word_1_250' title='bbox 532 3997 708 4094; x_wconf 79' lang='lat' dir='ltr'><strong>loquitur3</strong></span> <span class='ocrx_word' id='word_1_251' title='bbox 737 4009 772 4070; x_wconf 95' lang='lat' dir='ltr'><strong>at</strong></span> <span class='ocrx_word' id='word_1_252' title='bbox 792 4010 925 4073; x_wconf 90' lang='lat' dir='ltr'><strong>certum</strong></span> <span class='ocrx_word' id='word_1_253' title='bbox 942 4001 1111 4095; x_wconf 85' lang='lat' dir='ltr'><strong>perinde,</strong></span> <span class='ocrx_word' id='word_1_254' title='bbox 1139 4002 1256 4094; x_wconf 90' lang='lat' dir='ltr'><strong>legem</strong></span> <span class='ocrx_word' id='word_1_255' title='bbox 1273 3997 1365 4070; x_wconf 91' lang='lat' dir='ltr'><strong>hanc</strong></span> 
     </span>
     <span class='ocr_line' id='line_1_37' title="bbox 170 4097 1436 4199; baseline 0.006 -33"><span class='ocrx_word' id='word_1_256' title='bbox 170 4097 259 4168; x_wconf 89' lang='lat' dir='ltr'><strong>reali</strong></span> <span class='ocrx_word' id='word_1_257' title='bbox 290 4099 416 4171; x_wconf 87' lang='lat' dir='ltr'><strong>ellectu</strong></span> <span class='ocrx_word' id='word_1_258' title='bbox 445 4104 586 4172; x_wconf 90' lang='lat' dir='ltr'><strong>omnino</strong></span> <span class='ocrx_word' id='word_1_259' title='bbox 616 4103 797 4192; x_wconf 88' lang='lat' dir='ltr'><strong>caruisse,</strong></span> <span class='ocrx_word' id='word_1_260' title='bbox 826 4103 964 4199; x_wconf 90' lang='lat' dir='ltr'><strong>quando</strong></span> <span class='ocrx_word' id='word_1_261' title='bbox 992 4104 1042 4175; x_wconf 91' lang='lat' dir='ltr'><strong>illi</strong></span> <span class='ocrx_word' id='word_1_262' title='bbox 1073 4099 1365 4176; x_wconf 77' lang='lat' dir='ltr'><strong>consuetudinem</strong></span> <span class='ocrx_word' id='word_1_263' title='bbox 1434 4143 1436 4147; x_wconf 94' lang='lat'>·</span> 
     </span>
     <span class='ocr_line' id='line_1_38' title="bbox 169 4197 1361 4302; baseline 0.007 -33"><span class='ocrx_word' id='word_1_264' title='bbox 169 4197 262 4271; x_wconf 85' lang='lat' dir='ltr'><strong>haud</strong></span> <span class='ocrx_word' id='word_1_265' title='bbox 290 4223 441 4297; x_wconf 90' lang='lat' dir='ltr'><strong>unquam</strong></span> <span class='ocrx_word' id='word_1_266' title='bbox 468 4202 693 4294; x_wconf 90' lang='lat' dir='ltr'><strong>subsumtam,</strong></span> <span class='ocrx_word' id='word_1_267' title='bbox 722 4203 849 4280; x_wconf 91' lang='lat' dir='ltr'><strong>nedum</strong></span> <span class='ocrx_word' id='word_1_268' title='bbox 877 4208 1118 4302; x_wconf 89' lang='lat' dir='ltr'><strong>interruptam,</strong></span> <span class='ocrx_word' id='word_1_269' title='bbox 1153 4209 1235 4300; x_wconf 91' lang='lat' dir='ltr'><strong>quin</strong></span> <span class='ocrx_word' id='word_1_270' title='bbox 1253 4205 1361 4277; x_wconf 88' lang='lat' dir='ltr'><strong>tacito</strong></span> 
     </span>
    </p>
   </div>
   <div class='ocr_carea' id='block_1_11' title="bbox 166 4320 376 4333">
    <p class='ocr_par' dir='ltr' id='par_1_13' title="bbox 166 4320 376 4333">
     <span class='ocr_line' id='line_1_39' title="bbox 166 4320 376 4333; baseline 0.01 -3"><span class='ocrx_word' id='word_1_271' title='bbox 166 4320 376 4333; x_wconf 66' lang='lat'><strong>——--——-.</strong></span> 
     </span>
    </p>
   </div>
   <div class='ocr_carea' id='block_1_12' title="bbox 199 4362 366 4434">
    <p class='ocr_par' dir='ltr' id='par_1_14' title="bbox 199 4362 366 4434">
     <span class='ocr_line' id='line_1_40' title="bbox 199 4362 366 4434; baseline 0 -12"><span class='ocrx_word' id='word_1_272' title='bbox 199 4365 225 4434; x_wconf 51' lang='grc' dir='ltr'><strong>ὃ)</strong></span> <span class='ocrx_word' id='word_1_273' title='bbox 243 4362 322 4422; x_wconf 70' lang='lat'><strong>1504.</strong></span> <span class='ocrx_word' id='word_1_274' title='bbox 341 4367 366 4422; x_wconf 76' lang='lat'><strong>³.</strong></span> 
     </span>
    </p>
   </div>
   <div class='ocr_carea' id='block_1_13' title="bbox 0 0 1584 4864">
    <p class='ocr_par' dir='ltr' id='par_1_15' title="bbox 0 0 1584 4864">
     <span class='ocr_line' id='line_1_41' title="bbox 0 0 1584 4864; baseline 0 9"><span class='ocrx_word' id='word_1_275' title='bbox 0 0 1584 4864; x_wconf 95' lang='lat' dir='ltr'><strong> </strong></span> 
     </span>
    </p>
   </div>
  </div>
 </body>
</html>
