<?xml version="1.0" encoding="UTF-8"?>
<!DOCTYPE html PUBLIC "-//W3C//DTD XHTML 1.0 Transitional//EN"
    "http://www.w3.org/TR/xhtml1/DTD/xhtml1-transitional.dtd">
<html xmlns="http://www.w3.org/1999/xhtml" xml:lang="en" lang="en">
 <head>
  <title>
</title>
<meta http-equiv="Content-Type" content="text/html;charset=utf-8" />
  <meta name='ocr-system' content='tesseract 3.04.00' />
  <meta name='ocr-capabilities' content='ocr_page ocr_carea ocr_par ocr_line ocrx_word'/>
</head>
<body>
  <div class='ocr_page' id='page_1' title='image "./conspectusjuris00czirgoog_0238.png"; bbox 0 0 3158 4864; ppageno 0'>
   <div class='ocr_carea' id='block_1_1' title="bbox 165 196 238 270">
    <p class='ocr_par' dir='ltr' id='par_1_1' title="bbox 165 196 238 270">
     <span class='ocr_line' id='line_1_1' title="bbox 165 196 238 270; baseline 0.027 -2"><span class='ocrx_word' id='word_1_1' title='bbox 165 196 238 270; x_wconf 80' lang='lat'><strong>188</strong></span> 
     </span>
    </p>
   </div>
   <div class='ocr_carea' id='block_1_2' title="bbox 158 359 1358 866">
    <p class='ocr_par' dir='ltr' id='par_1_2' title="bbox 158 359 1358 866">
     <span class='ocr_line' id='line_1_2' title="bbox 160 359 1356 457; baseline 0.002 -19"><span class='ocrx_word' id='word_1_2' title='bbox 160 361 308 438; x_wconf 80' lang='lat' dir='ltr'>subinde</span> <span class='ocrx_word' id='word_1_3' title='bbox 337 364 441 436; x_wconf 90' lang='lat' dir='ltr'><strong>etiam</strong></span> <span class='ocrx_word' id='word_1_4' title='bbox 468 359 753 438; x_wconf 73' lang='lat' dir='ltr'><strong>servientes</strong></span> <span class='ocrx_word' id='word_1_5' title='bbox 784 365 837 456; x_wconf 80' lang='lat'><strong>⁸),</strong></span> <span class='ocrx_word' id='word_1_6' title='bbox 866 384 957 457; x_wconf 88' lang='lat' dir='ltr'><strong>quae</strong></span> <span class='ocrx_word' id='word_1_7' title='bbox 978 365 1214 441; x_wconf 89' lang='lat' dir='ltr'><strong>nomenclatlo</strong></span> <span class='ocrx_word' id='word_1_8' title='bbox 1233 367 1356 442; x_wconf 84' lang='lat' dir='ltr'><strong>seculo</strong></span> 
     </span>
     <span class='ocr_line' id='line_1_3' title="bbox 158 462 1358 560; baseline 0.004 -25"><span class='ocrx_word' id='word_1_9' title='bbox 158 467 306 560; x_wconf 91' lang='lat' dir='ltr'><strong>primum</strong></span> <span class='ocrx_word' id='word_1_10' title='bbox 334 465 440 536; x_wconf 90' lang='lat' dir='ltr'><strong>tertio</strong></span> <span class='ocrx_word' id='word_1_11' title='bbox 471 462 607 537; x_wconf 91' lang='lat' dir='ltr'><strong>decimo</strong></span> <span class='ocrx_word' id='word_1_12' title='bbox 636 464 834 539; x_wconf 90' lang='lat' dir='ltr'><strong>introducta</strong></span> <span class='ocrx_word' id='word_1_13' title='bbox 851 462 1013 555; x_wconf 83' lang='lat' dir='ltr'><strong>videtur,</strong></span> <span class='ocrx_word' id='word_1_14' title='bbox 1041 466 1106 541; x_wconf 88' lang='lat' dir='ltr'><strong>sub</strong></span> <span class='ocrx_word' id='word_1_15' title='bbox 1133 469 1233 558; x_wconf 87' lang='lat' dir='ltr'><strong>cujus</strong></span> <span class='ocrx_word' id='word_1_16' title='bbox 1251 466 1358 540; x_wconf 85' lang='lat' dir='ltr'><strong>finem</strong></span> 
     </span>
     <span class='ocr_line' id='line_1_4' title="bbox 158 561 1354 661; baseline 0.005 -25"><span class='ocrx_word' id='word_1_17' title='bbox 158 605 209 618; x_wconf 91' lang='lat'><em>-</em></span> <span class='ocrx_word' id='word_1_18' title='bbox 236 564 398 637; x_wconf 89' lang='lat' dir='ltr'><strong>Ladislao</strong></span> <span class='ocrx_word' id='word_1_19' title='bbox 432 561 588 638; x_wconf 81' lang='lat' dir='ltr'><strong>Cumano</strong></span> <span class='ocrx_word' id='word_1_20' title='bbox 616 576 791 660; x_wconf 80' lang='lat' dir='ltr'><strong>regnante</strong></span> <span class='ocrx_word' id='word_1_21' title='bbox 821 601 874 617; x_wconf 84' lang='lat'><em>-</em></span> <span class='ocrx_word' id='word_1_22' title='bbox 903 566 1127 661; x_wconf 78' lang='lat' dir='ltr'><strong>compellatio</strong></span> <span class='ocrx_word' id='word_1_23' title='bbox 1155 565 1354 643; x_wconf 82' lang='lat' dir='ltr'><strong>Nobilis</strong></span> 
     </span>
     <span class='ocr_line' id='line_1_5' title="bbox 158 663 1357 758; baseline 0.002 -17"><span class='ocrx_word' id='word_1_24' title='bbox 158 669 376 741; x_wconf 88' lang='lat' dir='ltr'><strong>communior</strong></span> <span class='ocrx_word' id='word_1_25' title='bbox 400 667 516 739; x_wconf 85' lang='lat' dir='ltr'><strong>evasit</strong></span> <span class='ocrx_word' id='word_1_26' title='bbox 542 663 597 758; x_wconf 68' lang='lat'><strong>⁴⁵).</strong></span> <span class='ocrx_word' id='word_1_27' title='bbox 625 670 734 743; x_wconf 90' lang='lat' dir='ltr'><strong>Prout</strong></span> <span class='ocrx_word' id='word_1_28' title='bbox 762 674 879 738; x_wconf 89' lang='lat' dir='ltr'><strong>autem</strong></span> <span class='ocrx_word' id='word_1_29' title='bbox 903 673 1029 740; x_wconf 79' lang='lat' dir='ltr'><strong>variae</strong></span> <span class='ocrx_word' id='word_1_30' title='bbox 1047 667 1225 742; x_wconf 87' lang='lat' dir='ltr'><strong>Nobilium</strong></span> <span class='ocrx_word' id='word_1_31' title='bbox 1254 691 1357 742; x_wconf 93' lang='lat' dir='ltr'><strong>com-</strong></span> 
     </span>
     <span class='ocr_line' id='line_1_6' title="bbox 158 767 1357 866; baseline 0.003 -26"><span class='ocrx_word' id='word_1_32' title='bbox 158 770 389 866; x_wconf 85' lang='lat' dir='ltr'><strong>pellationes,</strong></span> <span class='ocrx_word' id='word_1_33' title='bbox 420 769 468 838; x_wconf 91' lang='lat' dir='ltr'><strong>ita</strong></span> <span class='ocrx_word' id='word_1_34' title='bbox 496 772 620 842; x_wconf 87' lang='lat' dir='ltr'><strong>variae</strong></span> <span class='ocrx_word' id='word_1_35' title='bbox 648 771 730 841; x_wconf 92' lang='lat' dir='ltr'><strong>olim</strong></span> <span class='ocrx_word' id='word_1_36' title='bbox 759 767 952 840; x_wconf 89' lang='lat' dir='ltr'><strong>eorundem</strong></span> <span class='ocrx_word' id='word_1_37' title='bbox 979 767 1114 842; x_wconf 81' lang='lat' dir='ltr'><strong>classes</strong></span> <span class='ocrx_word' id='word_1_38' title='bbox 1138 771 1357 866; x_wconf 85' lang='lat' dir='ltr'><strong>pedetentim</strong></span> 
     </span>
    </p>
   </div>
   <div class='ocr_carea' id='block_1_3' title="bbox 30 853 1567 1070">
    <p class='ocr_par' dir='ltr' id='par_1_3' title="bbox 30 853 1567 1070">
     <span class='ocr_line' id='line_1_7' title="bbox 157 853 1567 966; baseline -0.001 -25"><span class='ocrx_word' id='word_1_39' title='bbox 157 871 328 942; x_wconf 82' lang='lat' dir='ltr'><strong>formatae</strong></span> <span class='ocrx_word' id='word_1_40' title='bbox 355 871 566 963; x_wconf 79' lang='lat' dir='ltr'><strong>viguerunt3</strong></span> <span class='ocrx_word' id='word_1_41' title='bbox 593 872 715 946; x_wconf 89' lang='lat' dir='ltr'><strong>harum</strong></span> <span class='ocrx_word' id='word_1_42' title='bbox 733 869 872 966; x_wconf 88' lang='lat' dir='ltr'><strong>aliquae</strong></span> <span class='ocrx_word' id='word_1_43' title='bbox 897 873 1032 943; x_wconf 85' lang='lat' dir='ltr'><strong>cunctis</strong></span> <span class='ocrx_word' id='word_1_44' title='bbox 1049 873 1115 961; x_wconf 85' lang='lat' dir='ltr'><strong>iis,</strong></span> <span class='ocrx_word' id='word_1_45' title='bbox 1143 875 1245 966; x_wconf 88' lang='lat' dir='ltr'><strong>queis</strong></span> <span class='ocrx_word' id='word_1_46' title='bbox 1263 894 1357 946; x_wconf 91' lang='lat' dir='ltr'><strong>nunc</strong></span> <span class='ocrx_word' id='word_1_47' title='bbox 1467 942 1469 948; x_wconf 84' lang='grc'>,</span> <span class='ocrx_word' id='word_1_48' title='bbox 1563 853 1567 912; x_wconf 64' lang='lat'>7</span> 
     </span>
     <span class='ocr_line' id='line_1_8' title="bbox 30 969 1354 1070; baseline 0.002 -24"><span class='ocrx_word' id='word_1_49' title='bbox 30 985 31 990; x_wconf 77' lang='grc'>’</span> <span class='ocrx_word' id='word_1_50' title='bbox 156 972 273 1064; x_wconf 85' lang='lat' dir='ltr'><strong>Regni</strong></span> <span class='ocrx_word' id='word_1_51' title='bbox 290 969 439 1045; x_wconf 86' lang='lat' dir='ltr'><strong>Nobiles</strong></span> <span class='ocrx_word' id='word_1_52' title='bbox 457 969 632 1065; x_wconf 84' lang='lat' dir='ltr'><strong>fruuntur,</strong></span> <span class='ocrx_word' id='word_1_53' title='bbox 658 974 920 1070; x_wconf 82' lang='lat' dir='ltr'><strong>praerogativis</strong></span> <span class='ocrx_word' id='word_1_54' title='bbox 940 971 1152 1065; x_wconf 81' lang='lat' dir='ltr'><strong>gaudebant,</strong></span> <span class='ocrx_word' id='word_1_55' title='bbox 1173 973 1264 1046; x_wconf 86' lang='lat' dir='ltr'><strong>aliae</strong></span> <span class='ocrx_word' id='word_1_56' title='bbox 1282 996 1354 1049; x_wconf 92' lang='lat' dir='ltr'><strong>nou</strong></span> 
     </span>
    </p>
   </div>
   <div class='ocr_carea' id='block_1_4' title="bbox 153 1072 1354 1759">
    <p class='ocr_par' dir='ltr' id='par_1_4' title="bbox 153 1072 1354 1759">
     <span class='ocr_line' id='line_1_9' title="bbox 155 1072 1353 1183; baseline 0.003 -39"><span class='ocrx_word' id='word_1_57' title='bbox 155 1072 304 1168; x_wconf 91' lang='lat' dir='ltr'><strong>perinde</strong></span> <span class='ocrx_word' id='word_1_58' title='bbox 323 1072 496 1145; x_wconf 88' lang='lat' dir='ltr'><strong>omnibus.</strong></span> <span class='ocrx_word' id='word_1_59' title='bbox 510 1075 643 1148; x_wconf 88' lang='lat' dir='ltr'><strong>Verum</strong></span> <span class='ocrx_word' id='word_1_60' title='bbox 661 1076 705 1148; x_wconf 92' lang='lat' dir='ltr'><strong>de</strong></span> <span class='ocrx_word' id='word_1_61' title='bbox 723 1078 842 1183; x_wconf 88' lang='lat' dir='ltr'><strong>prisca</strong></span> <span class='ocrx_word' id='word_1_62' title='bbox 861 1073 920 1146; x_wconf 91' lang='lat' dir='ltr'><strong>illa</strong></span> <span class='ocrx_word' id='word_1_63' title='bbox 935 1078 1122 1165; x_wconf 88' lang='lat' dir='ltr'><strong>varietate,</strong></span> <span class='ocrx_word' id='word_1_64' title='bbox 1141 1075 1232 1148; x_wconf 91' lang='lat' dir='ltr'><strong>ultra</strong></span> <span class='ocrx_word' id='word_1_65' title='bbox 1251 1098 1353 1171; x_wconf 89' lang='lat' dir='ltr'><strong>quam</strong></span> 
     </span>
     <span class='ocr_line' id='line_1_10' title="bbox 156 1169 1353 1292; baseline 0.002 -44"><span class='ocrx_word' id='word_1_66' title='bbox 156 1174 327 1248; x_wconf 89' lang='lat' dir='ltr'><strong>hactenus</strong></span> <span class='ocrx_word' id='word_1_67' title='bbox 346 1179 494 1292; x_wconf 85' lang='lat' dir='ltr'><strong>sparsim</strong></span> <span class='ocrx_word' id='word_1_68' title='bbox 515 1181 705 1273; x_wconf 84' lang='lat' dir='ltr'><strong>attigimus,</strong></span> <span class='ocrx_word' id='word_1_69' title='bbox 731 1169 835 1248; x_wconf 82' lang='lat' dir='ltr'><strong>isthic</strong></span> <span class='ocrx_word' id='word_1_70' title='bbox 853 1175 1026 1272; x_wconf 87' lang='lat' dir='ltr'><strong>prolixius</strong></span> <span class='ocrx_word' id='word_1_71' title='bbox 1046 1177 1165 1250; x_wconf 90' lang='lat' dir='ltr'><strong>dicere</strong></span> <span class='ocrx_word' id='word_1_72' title='bbox 1184 1183 1248 1251; x_wconf 89' lang='lat' dir='ltr'><strong>vix</strong></span> <span class='ocrx_word' id='word_1_73' title='bbox 1266 1181 1353 1252; x_wconf 92' lang='lat' dir='ltr'><strong>atti-</strong></span> 
     </span>
     <span class='ocr_line' id='line_1_11' title="bbox 156 1273 1354 1380; baseline 0.003 -31"><span class='ocrx_word' id='word_1_74' title='bbox 156 1287 229 1366; x_wconf 81' lang='lat' dir='ltr'><strong>net,</strong></span> <span class='ocrx_word' id='word_1_75' title='bbox 255 1277 376 1371; x_wconf 90' lang='lat' dir='ltr'><strong>quod</strong></span> <span class='ocrx_word' id='word_1_76' title='bbox 362 1299 435 1367; x_wconf 83' lang='lat' dir='ltr'><strong>Jam</strong></span> <span class='ocrx_word' id='word_1_77' title='bbox 454 1276 625 1355; x_wconf 85' lang='lat' dir='ltr'><strong>Ludovici</strong></span> <span class='ocrx_word' id='word_1_78' title='bbox 642 1279 763 1372; x_wconf 86' lang='lat' dir='ltr'><strong>Magni</strong></span> <span class='ocrx_word' id='word_1_79' title='bbox 782 1300 873 1352; x_wconf 86' lang='lat' dir='ltr'><strong>aevo</strong></span> <span class='ocrx_word' id='word_1_80' title='bbox 904 1273 936 1380; x_wconf 78' lang='grc'><strong>1’)</strong></span> <span class='ocrx_word' id='word_1_81' title='bbox 956 1278 1001 1350; x_wconf 91' lang='lat' dir='ltr'><strong>ad</strong></span> <span class='ocrx_word' id='word_1_82' title='bbox 1018 1279 1265 1375; x_wconf 88' lang='lat' dir='ltr'><strong>aequalitatem</strong></span> <span class='ocrx_word' id='word_1_83' title='bbox 1283 1283 1354 1354; x_wconf 88' lang='lat' dir='ltr'><strong>sint</strong></span> 
     </span>
     <span class='ocr_line' id='line_1_12' title="bbox 156 1376 1352 1476; baseline 0.003 -25"><span class='ocrx_word' id='word_1_84' title='bbox 156 1377 328 1451; x_wconf 82' lang='lat' dir='ltr'><strong>adductae</strong></span> <span class='ocrx_word' id='word_1_85' title='bbox 345 1376 421 1471; x_wconf 52' lang='lat' dir='ltr'><strong>fl).</strong></span> <span class='ocrx_word' id='word_1_86' title='bbox 449 1379 501 1451; x_wconf 87' lang='lat' dir='ltr'><strong>Eo</strong></span> <span class='ocrx_word' id='word_1_87' title='bbox 529 1382 755 1455; x_wconf 91' lang='lat' dir='ltr'><strong>nihilominus</strong></span> <span class='ocrx_word' id='word_1_88' title='bbox 781 1379 840 1453; x_wconf 91' lang='lat' dir='ltr'><strong>ubi</strong></span> <span class='ocrx_word' id='word_1_89' title='bbox 867 1383 1048 1462; x_wconf 87' lang='lat' dir='ltr'><strong>variorum</strong></span> <span class='ocrx_word' id='word_1_90' title='bbox 1072 1393 1269 1476; x_wconf 91' lang='lat' dir='ltr'><strong>temporum</strong></span> <span class='ocrx_word' id='word_1_91' title='bbox 1294 1382 1352 1455; x_wconf 94' lang='lat' dir='ltr'><strong>di-</strong></span> 
     </span>
     <span class='ocr_line' id='line_1_13' title="bbox 153 1481 1352 1577; baseline 0.002 -23"><span class='ocrx_word' id='word_1_92' title='bbox 153 1481 321 1576; x_wconf 83' lang='lat' dir='ltr'><strong>plomata,</strong></span> <span class='ocrx_word' id='word_1_93' title='bbox 350 1482 474 1574; x_wconf 90' lang='lat' dir='ltr'><strong>quibus</strong></span> <span class='ocrx_word' id='word_1_94' title='bbox 493 1487 713 1577; x_wconf 88' lang='lat' dir='ltr'><strong>potissimum</strong></span> <span class='ocrx_word' id='word_1_95' title='bbox 733 1483 814 1572; x_wconf 88' lang='lat' dir='ltr'><strong>jura</strong></span> <span class='ocrx_word' id='word_1_96' title='bbox 836 1485 1054 1576; x_wconf 85' lang='lat' dir='ltr'><strong>privatorum</strong></span> <span class='ocrx_word' id='word_1_97' title='bbox 1080 1483 1283 1573; x_wconf 86' lang='lat' dir='ltr'><strong>fundantur,</strong></span> <span class='ocrx_word' id='word_1_98' title='bbox 1311 1504 1352 1556; x_wconf 91' lang='lat' dir='ltr'><strong>sc</strong></span> 
     </span>
     <span class='ocr_line' id='line_1_14' title="bbox 156 1581 1351 1678; baseline 0.002 -23"><span class='ocrx_word' id='word_1_99' title='bbox 156 1603 197 1655; x_wconf 92' lang='lat' dir='ltr'><strong>se</strong></span> <span class='ocrx_word' id='word_1_100' title='bbox 224 1583 376 1654; x_wconf 86' lang='lat' dir='ltr'><strong>offerunt</strong></span> <span class='ocrx_word' id='word_1_101' title='bbox 404 1584 636 1677; x_wconf 82' lang='lat' dir='ltr'><strong>explicanda,</strong></span> <span class='ocrx_word' id='word_1_102' title='bbox 663 1592 816 1653; x_wconf 90' lang='lat' dir='ltr'><strong>mentem</strong></span> <span class='ocrx_word' id='word_1_103' title='bbox 851 1581 1041 1655; x_wconf 84' lang='lat' dir='ltr'><strong>advertere</strong></span> <span class='ocrx_word' id='word_1_104' title='bbox 1065 1586 1184 1678; x_wconf 89' lang='lat' dir='ltr'><strong>magni</strong></span> <span class='ocrx_word' id='word_1_105' title='bbox 1209 1588 1351 1657; x_wconf 91' lang='lat' dir='ltr'><strong>omnino</strong></span> 
     </span>
     <span class='ocr_line' id='line_1_15' title="bbox 155 1685 317 1759; baseline -0.006 -5"><span class='ocrx_word' id='word_1_106' title='bbox 155 1685 317 1759; x_wconf 89' lang='lat' dir='ltr'><strong>interest.</strong></span> 
     </span>
    </p>
   </div>
   <div class='ocr_carea' id='block_1_5' title="bbox 113 1827 1352 3030">
    <p class='ocr_par' dir='ltr' id='par_1_5' title="bbox 113 1827 1352 2854">
     <span class='ocr_line' id='line_1_16' title="bbox 113 1827 1351 1933; baseline 0.004 -44"><span class='ocrx_word' id='word_1_107' title='bbox 113 1883 116 1889; x_wconf 89' lang='lat'><em>.</em></span> <span class='ocrx_word' id='word_1_108' title='bbox 195 1830 234 1914; x_wconf 73' lang='lat' dir='ltr'><strong>l)</strong></span> <span class='ocrx_word' id='word_1_109' title='bbox 257 1827 364 1891; x_wconf 84' lang='lat' dir='ltr'><strong>Primo</strong></span> <span class='ocrx_word' id='word_1_110' title='bbox 387 1829 523 1933; x_wconf 63' lang='lat' dir='ltr'><strong>etenim,</strong></span> <span class='ocrx_word' id='word_1_111' title='bbox 548 1831 630 1910; x_wconf 86' lang='lat' dir='ltr'><strong>quod</strong></span> <span class='ocrx_word' id='word_1_112' title='bbox 653 1848 701 1891; x_wconf 92' lang='lat' dir='ltr'><strong>me</strong></span> <span class='ocrx_word' id='word_1_113' title='bbox 723 1827 892 1908; x_wconf 88' lang='lat' dir='ltr'><strong>reperisse</strong></span> <span class='ocrx_word' id='word_1_114' title='bbox 902 1829 1068 1906; x_wconf 89' lang='lat' dir='ltr'><strong>recordor,</strong></span> <span class='ocrx_word' id='word_1_115' title='bbox 1089 1829 1233 1893; x_wconf 79' lang='lat' dir='ltr'><strong>Andreas</strong></span> <span class='ocrx_word' id='word_1_116' title='bbox 1255 1830 1295 1898; x_wconf 79' lang='lat' dir='ltr'><strong>It</strong></span> <span class='ocrx_word' id='word_1_117' title='bbox 1318 1831 1351 1895; x_wconf 88' lang='lat' dir='ltr'><strong>in</strong></span> 
     </span>
     <span class='ocr_line' id='line_1_17' title="bbox 239 1914 1351 1998; baseline 0.004 -22"><span class='ocrx_word' id='word_1_118' title='bbox 239 1914 417 1995; x_wconf 89' lang='lat' dir='ltr'><strong>diplomate,</strong></span> <span class='ocrx_word' id='word_1_119' title='bbox 440 1916 575 1998; x_wconf 90' lang='lat' dir='ltr'><strong>cuipiam</strong></span> <span class='ocrx_word' id='word_1_120' title='bbox 600 1914 685 1979; x_wconf 81' lang='lat' dir='ltr'><strong>Uruz</strong></span> <span class='ocrx_word' id='word_1_121' title='bbox 707 1917 790 1993; x_wconf 87' lang='lat' dir='ltr'><strong>dato,</strong></span> <span class='ocrx_word' id='word_1_122' title='bbox 813 1921 854 1976; x_wconf 92' lang='lat' dir='ltr'><strong>ut</strong></span> <span class='ocrx_word' id='word_1_123' title='bbox 875 1914 983 1995; x_wconf 88' lang='lat' dir='ltr'><strong>ipse,</strong></span> <span class='ocrx_word' id='word_1_124' title='bbox 1006 1922 1043 1975; x_wconf 82' lang='lat' dir='ltr'><strong>et</strong></span> <span class='ocrx_word' id='word_1_125' title='bbox 1065 1916 1132 1976; x_wconf 88' lang='lat' dir='ltr'><strong>sui</strong></span> <span class='ocrx_word' id='word_1_126' title='bbox 1154 1915 1351 1982; x_wconf 87' lang='lat' dir='ltr'><strong>haeredes</strong></span> 
     </span>
     <span class='ocr_line' id='line_1_18' title="bbox 198 2000 1351 2083; baseline 0.003 -20.113"><span class='ocrx_word' id='word_1_127' title='bbox 198 2001 349 2064; x_wconf 87' lang='lat' dir='ltr'><strong>iuter</strong></span> <span class='ocrx_word' id='word_1_128' title='bbox 372 2003 610 2065; x_wconf 86' lang='lat' dir='ltr'><strong>Servientes</strong></span> <span class='ocrx_word' id='word_1_129' title='bbox 632 2001 770 2083; x_wconf 85' lang='lat' dir='ltr'><strong>regios</strong></span> <span class='ocrx_word' id='word_1_130' title='bbox 793 2000 1050 2062; x_wconf 84' lang='lat' dir='ltr'><strong>adnumerari</strong></span> <span class='ocrx_word' id='word_1_131' title='bbox 1073 2003 1240 2081; x_wconf 89' lang='lat' dir='ltr'><strong>possint</strong></span> <span class='ocrx_word' id='word_1_132' title='bbox 1261 2024 1351 2083; x_wconf 86' lang='lat' dir='ltr'><strong>per-</strong></span> 
     </span>
     <span class='ocr_line' id='line_1_19' title="bbox 238 2077 1352 2191; baseline 0.001 -41"><span class='ocrx_word' id='word_1_133' title='bbox 238 2095 364 2191; x_wconf 80' lang='lat' dir='ltr'><strong>petuo</strong></span> <span class='ocrx_word' id='word_1_134' title='bbox 379 2086 422 2172; x_wconf 79' lang='lat'><strong>⁰),</strong></span> <span class='ocrx_word' id='word_1_135' title='bbox 444 2089 501 2152; x_wconf 85' lang='lat' dir='ltr'><strong>bae</strong></span> <span class='ocrx_word' id='word_1_136' title='bbox 523 2089 623 2151; x_wconf 79' lang='lat' dir='ltr'><strong>ututur</strong></span> <span class='ocrx_word' id='word_1_137' title='bbox 634 2087 890 2164; x_wconf 77' lang='lat' dir='ltr'><strong>nomenclatione,</strong></span> <span class='ocrx_word' id='word_1_138' title='bbox 912 2077 1285 2168; x_wconf 76' lang='lat' dir='ltr'><strong>ceddamquestepbenue</strong></span> <span class='ocrx_word' id='word_1_139' title='bbox 1301 2090 1352 2168; x_wconf 88' lang='lat' dir='ltr'><strong>V.,</strong></span> 
     </span>
     <span class='ocr_line' id='line_1_20' title="bbox 242 2171 1352 2273; baseline 0.002 -37"><span class='ocrx_word' id='word_1_140' title='bbox 242 2175 384 2273; x_wconf 80' lang='lat' dir='ltr'><strong>puamvis</strong></span> <span class='ocrx_word' id='word_1_141' title='bbox 406 2176 438 2237; x_wconf 89' lang='lat' dir='ltr'><strong>in</strong></span> <span class='ocrx_word' id='word_1_142' title='bbox 462 2194 523 2238; x_wconf 89' lang='lat' dir='ltr'><strong>uno</strong></span> <span class='ocrx_word' id='word_1_143' title='bbox 546 2173 683 2242; x_wconf 86' lang='lat' dir='ltr'><strong>alterove</strong></span> <span class='ocrx_word' id='word_1_144' title='bbox 705 2172 873 2253; x_wconf 82' lang='lat' dir='ltr'><strong>privilegio</strong></span> <span class='ocrx_word' id='word_1_145' title='bbox 901 2171 1085 2234; x_wconf 85' lang='lat' dir='ltr'><strong>vocabulum</strong></span> <span class='ocrx_word' id='word_1_146' title='bbox 1113 2174 1268 2237; x_wconf 91' lang='lat' dir='ltr'><strong>Nobilis</strong></span> <span class='ocrx_word' id='word_1_147' title='bbox 1291 2176 1352 2238; x_wconf 88' lang='lat' dir='ltr'><strong>ad-</strong></span> 
     </span>
     <span class='ocr_line' id='line_1_21' title="bbox 238 2257 1352 2343; baseline 0.003 -22"><span class='ocrx_word' id='word_1_148' title='bbox 238 2258 371 2343; x_wconf 87' lang='lat' dir='ltr'><strong>jungat,</strong></span> <span class='ocrx_word' id='word_1_149' title='bbox 402 2260 595 2323; x_wconf 88' lang='lat' dir='ltr'><strong>continenter</strong></span> <span class='ocrx_word' id='word_1_150' title='bbox 617 2259 768 2322; x_wconf 86' lang='lat' dir='ltr'><strong>adhibuit</strong></span> <span class='ocrx_word' id='word_1_151' title='bbox 803 2257 922 2321; x_wconf 79' lang='lat' dir='ltr'><strong>Contra</strong></span> <span class='ocrx_word' id='word_1_152' title='bbox 950 2257 1121 2322; x_wconf 88' lang='lat' dir='ltr'><strong>Ladislaus</strong></span> <span class='ocrx_word' id='word_1_153' title='bbox 1154 2257 1224 2342; x_wconf 90' lang='lat' dir='ltr'><strong>ejus</strong></span> <span class='ocrx_word' id='word_1_154' title='bbox 1251 2260 1352 2324; x_wconf 81' lang='lat' dir='ltr'><strong>Filius</strong></span> 
     </span>
     <span class='ocr_line' id='line_1_22' title="bbox 241 2343 1352 2430; baseline 0.004 -24"><span class='ocrx_word' id='word_1_155' title='bbox 241 2365 316 2407; x_wconf 87' lang='lat' dir='ltr'><strong>voce</strong></span> <span class='ocrx_word' id='word_1_156' title='bbox 345 2344 555 2408; x_wconf 85' lang='lat' dir='ltr'><strong>Nobilis</strong></span> <span class='ocrx_word' id='word_1_157' title='bbox 542 2365 608 2430; x_wconf 83' lang='lat' dir='ltr'><strong>Jem</strong></span> <span class='ocrx_word' id='word_1_158' title='bbox 632 2343 826 2425; x_wconf 80' lang='lat' dir='ltr'><strong>frequentius</strong></span> <span class='ocrx_word' id='word_1_159' title='bbox 857 2343 1016 2420; x_wconf 88' lang='lat' dir='ltr'><strong>utebatur,</strong></span> <span class='ocrx_word' id='word_1_160' title='bbox 1047 2352 1081 2407; x_wconf 92' lang='lat' dir='ltr'><strong>ut</strong></span> <span class='ocrx_word' id='word_1_161' title='bbox 1103 2344 1235 2426; x_wconf 83' lang='lat' dir='ltr'><strong>exempli</strong></span> <span class='ocrx_word' id='word_1_162' title='bbox 1256 2366 1352 2410; x_wconf 85' lang='lat' dir='ltr'><strong>causa</strong></span> 
     </span>
     <span class='ocr_line' id='line_1_23' title="bbox 241 2429 1351 2514; baseline 0.002 -22"><span class='ocrx_word' id='word_1_163' title='bbox 241 2431 275 2492; x_wconf 86' lang='lat' dir='ltr'><strong>in</strong></span> <span class='ocrx_word' id='word_1_164' title='bbox 297 2430 467 2514; x_wconf 85' lang='lat' dir='ltr'><strong>Privilegio</strong></span> <span class='ocrx_word' id='word_1_165' title='bbox 489 2432 581 2495; x_wconf 87' lang='lat' dir='ltr'><strong>Petro</strong></span> <span class='ocrx_word' id='word_1_166' title='bbox 612 2429 693 2492; x_wconf 79' lang='lat' dir='ltr'><strong>Filio</strong></span> <span class='ocrx_word' id='word_1_167' title='bbox 715 2430 810 2491; x_wconf 91' lang='lat' dir='ltr'><strong>Beten</strong></span> <span class='ocrx_word' id='word_1_168' title='bbox 833 2429 923 2505; x_wconf 88' lang='lat' dir='ltr'><strong>dato,</strong></span> <span class='ocrx_word' id='word_1_169' title='bbox 955 2429 1076 2506; x_wconf 92' lang='lat' dir='ltr'><strong>quod</strong></span> <span class='ocrx_word' id='word_1_170' title='bbox 1068 2449 1100 2490; x_wconf 91' lang='lat' dir='ltr'><strong>m</strong></span> <span class='ocrx_word' id='word_1_171' title='bbox 1123 2429 1222 2493; x_wconf 87' lang='lat' dir='ltr'><strong>lucem</strong></span> <span class='ocrx_word' id='word_1_172' title='bbox 1243 2431 1351 2495; x_wconf 88' lang='lat' dir='ltr'><strong>Palma</strong></span> 
     </span>
     <span class='ocr_line' id='line_1_24' title="bbox 241 2513 1349 2598; baseline 0.001 -19"><span class='ocrx_word' id='word_1_173' title='bbox 241 2515 408 2598; x_wconf 71' lang='lat' dir='ltr'><strong>eduxit‘l).</strong></span> <span class='ocrx_word' id='word_1_174' title='bbox 432 2516 595 2580; x_wconf 78' lang='lat' dir='ltr'><strong>Caeterum</strong></span> <span class='ocrx_word' id='word_1_175' title='bbox 624 2534 686 2577; x_wconf 90' lang='lat' dir='ltr'><strong>non</strong></span> <span class='ocrx_word' id='word_1_176' title='bbox 715 2515 807 2578; x_wconf 88' lang='lat' dir='ltr'><strong>etiem</strong></span> <span class='ocrx_word' id='word_1_177' title='bbox 840 2514 980 2593; x_wconf 85' lang='lat' dir='ltr'><strong>quemvis</strong></span> <span class='ocrx_word' id='word_1_178' title='bbox 1011 2513 1180 2578; x_wconf 88' lang='lat' dir='ltr'><strong>militem</strong></span> <span class='ocrx_word' id='word_1_179' title='bbox 1203 2519 1349 2581; x_wconf 86' lang='lat' dir='ltr'><strong>continuo</strong></span> 
     </span>
     <span class='ocr_line' id='line_1_25' title="bbox 240 2598 1351 2682; baseline 0.004 -19"><span class='ocrx_word' id='word_1_180' title='bbox 240 2601 342 2664; x_wconf 86' lang='lat' dir='ltr'><strong>luisse</strong></span> <span class='ocrx_word' id='word_1_181' title='bbox 371 2601 535 2678; x_wconf 80' lang='lat' dir='ltr'><strong>Nobilem,</strong></span> <span class='ocrx_word' id='word_1_182' title='bbox 568 2619 675 2665; x_wconf 86' lang='lat' dir='ltr'><strong>verum</strong></span> <span class='ocrx_word' id='word_1_183' title='bbox 705 2601 767 2664; x_wconf 88' lang='lat' dir='ltr'><strong>ista</strong></span> <span class='ocrx_word' id='word_1_184' title='bbox 794 2598 966 2662; x_wconf 82' lang='lat' dir='ltr'><strong>bonoribus</strong></span> <span class='ocrx_word' id='word_1_185' title='bbox 994 2601 1202 2682; x_wconf 89' lang='lat' dir='ltr'><strong>adpellatione</strong></span> <span class='ocrx_word' id='word_1_186' title='bbox 1223 2603 1351 2667; x_wconf 91' lang='lat' dir='ltr'><strong>illorum</strong></span> 
     </span>
     <span class='ocr_line' id='line_1_26' title="bbox 240 2647 1350 2771; baseline 0.002 -21"><span class='ocrx_word' id='word_1_187' title='bbox 240 2696 405 2768; x_wconf 90' lang='lat' dir='ltr'><strong>posteros,</strong></span> <span class='ocrx_word' id='word_1_188' title='bbox 439 2688 493 2769; x_wconf 89' lang='lat' dir='ltr'><strong>qui</strong></span> <span class='ocrx_word' id='word_1_189' title='bbox 522 2647 662 2771; x_wconf 82' lang='lat' dir='ltr'><strong>llcgnum</strong></span> <span class='ocrx_word' id='word_1_190' title='bbox 696 2687 754 2750; x_wconf 87' lang='lat' dir='ltr'><strong>boc</strong></span> <span class='ocrx_word' id='word_1_191' title='bbox 782 2705 846 2749; x_wconf 90' lang='lat' dir='ltr'><strong>non</strong></span> <span class='ocrx_word' id='word_1_192' title='bbox 869 2686 937 2749; x_wconf 87' lang='lat' dir='ltr'><strong>eine</strong></span> <span class='ocrx_word' id='word_1_193' title='bbox 968 2687 1118 2769; x_wconf 84' lang='lat' dir='ltr'><strong>sangvine</strong></span> <span class='ocrx_word' id='word_1_194' title='bbox 1140 2689 1245 2770; x_wconf 86' lang='lat' dir='ltr'><strong>adepti</strong></span> <span class='ocrx_word' id='word_1_195' title='bbox 1267 2697 1350 2767; x_wconf 86' lang='lat' dir='ltr'><strong>suut,</strong></span> 
     </span>
     <span class='ocr_line' id='line_1_27' title="bbox 240 2773 1350 2854; baseline 0.003 -19"><span class='ocrx_word' id='word_1_196' title='bbox 240 2773 436 2853; x_wconf 83' lang='lat' dir='ltr'><strong>excelluisse,</strong></span> <span class='ocrx_word' id='word_1_197' title='bbox 459 2776 540 2837; x_wconf 93' lang='lat' dir='ltr'><strong>idem</strong></span> <span class='ocrx_word' id='word_1_198' title='bbox 553 2775 676 2850; x_wconf 89' lang='lat' dir='ltr'><strong>iterum,</strong></span> <span class='ocrx_word' id='word_1_199' title='bbox 699 2793 787 2853; x_wconf 90' lang='lat' dir='ltr'><strong>quem</strong></span> <span class='ocrx_word' id='word_1_200' title='bbox 811 2790 882 2834; x_wconf 86' lang='lat' dir='ltr'><strong>mox</strong></span> <span class='ocrx_word' id='word_1_201' title='bbox 904 2773 1147 2851; x_wconf 71' lang='lat' dir='ltr'><strong>seminaveram,</strong></span> <span class='ocrx_word' id='word_1_202' title='bbox 1169 2774 1350 2854; x_wconf 86' lang='lat' dir='ltr'><strong>praeclarus</strong></span> 
     </span>
    </p>

    <p class='ocr_par' dir='ltr' id='par_1_6' title="bbox 174 2857 1352 3030">
     <span class='ocr_line' id='line_1_28' title="bbox 174 2857 1352 3030; baseline 0.005 -110"><span class='ocrx_word' id='word_1_203' title='bbox 174 2864 177 2876; x_wconf 79' lang='lat'><strong><em>‘</em></strong></span> <span class='ocrx_word' id='word_1_204' title='bbox 223 2861 395 3008; x_wconf 72' lang='lat' dir='ltr'><strong>ppoudem</strong></span> <span class='ocrx_word' id='word_1_205' title='bbox 434 2880 539 3030; x_wconf 62' lang='lat' dir='ltr'><strong>aprum</strong></span> <span class='ocrx_word' id='word_1_206' title='bbox 574 2867 753 2924; x_wconf 87' lang='lat' dir='ltr'><strong>nostrarum</strong></span> <span class='ocrx_word' id='word_1_207' title='bbox 787 2857 1019 2923; x_wconf 75' lang='lat' dir='ltr'><strong>commentator</strong></span> <span class='ocrx_word' id='word_1_208' title='bbox 1041 2878 1174 2941; x_wconf 86' lang='lat' dir='ltr'><strong>prorsus</strong></span> <span class='ocrx_word' id='word_1_209' title='bbox 1210 2863 1352 2942; x_wconf 85' lang='lat' dir='ltr'><strong>apposite</strong></span> 
     </span>
     <span class='ocr_line' id='line_1_29' title="bbox 239 2947 616 3011; baseline 0.011 -4"><span class='ocrx_word' id='word_1_210' title='bbox 239 2947 446 3009; x_wconf 79' lang='lat' dir='ltr'><strong>oservavit⁸</strong></span> <span class='ocrx_word' id='word_1_211' title='bbox 472 2989 480 3011; x_wconf 85' lang='lat'><strong>.</strong></span> <span class='ocrx_word' id='word_1_212' title='bbox 608 2957 616 2970; x_wconf 91' lang='grc'>·</span> 
     </span>
    </p>
   </div>
   <div class='ocr_carea' id='block_1_6' title="bbox 173 3075 1394 3914">
    <p class='ocr_par' dir='ltr' id='par_1_7' title="bbox 173 3075 1394 3914">
     <span class='ocr_line' id='line_1_30' title="bbox 173 3075 1349 3163; baseline 0.003 -22"><span class='ocrx_word' id='word_1_213' title='bbox 173 3075 234 3163; x_wconf 72' lang='lat'><strong>**)</strong></span> <span class='ocrx_word' id='word_1_214' title='bbox 258 3079 307 3142; x_wconf 80' lang='lat' dir='ltr'><strong>Aa</strong></span> <span class='ocrx_word' id='word_1_215' title='bbox 333 3079 546 3162; x_wconf 86' lang='lat' dir='ltr'><strong>aequationem</strong></span> <span class='ocrx_word' id='word_1_216' title='bbox 576 3076 662 3140; x_wconf 91' lang='lat' dir='ltr'><strong>illam</strong></span> <span class='ocrx_word' id='word_1_217' title='bbox 692 3076 768 3141; x_wconf 91' lang='lat' dir='ltr'><strong>libet</strong></span> <span class='ocrx_word' id='word_1_218' title='bbox 791 3076 927 3140; x_wconf 86' lang='lat' dir='ltr'><strong>ominari</strong></span> <span class='ocrx_word' id='word_1_219' title='bbox 955 3076 1150 3142; x_wconf 86' lang='lat' dir='ltr'><strong>Ludovioum</strong></span> <span class='ocrx_word' id='word_1_220' title='bbox 1181 3080 1295 3163; x_wconf 86' lang='lat' dir='ltr'><strong>Regem</strong></span> <span class='ocrx_word' id='word_1_221' title='bbox 1319 3081 1349 3144; x_wconf 92' lang='lat' dir='ltr'><strong>id</strong></span> 
     </span>
     <span class='ocr_line' id='line_1_31' title="bbox 235 3165 1350 3245; baseline 0.004 -19"><span class='ocrx_word' id='word_1_222' title='bbox 235 3166 435 3245; x_wconf 88' lang='lat' dir='ltr'><strong>potissimum</strong></span> <span class='ocrx_word' id='word_1_223' title='bbox 458 3165 641 3243; x_wconf 82' lang='lat' dir='ltr'><strong>induxisse,</strong></span> <span class='ocrx_word' id='word_1_224' title='bbox 663 3171 698 3226; x_wconf 87' lang='lat' dir='ltr'><strong>ut</strong></span> <span class='ocrx_word' id='word_1_225' title='bbox 719 3183 787 3226; x_wconf 90' lang='lat' dir='ltr'><strong>cum</strong></span> <span class='ocrx_word' id='word_1_226' title='bbox 812 3197 851 3211; x_wconf 87' lang='lat'>-</span> <span class='ocrx_word' id='word_1_227' title='bbox 876 3171 1014 3244; x_wconf 87' lang='lat' dir='ltr'><strong>spectata</strong></span> <span class='ocrx_word' id='word_1_228' title='bbox 1037 3167 1221 3244; x_wconf 86' lang='lat' dir='ltr'><strong>praesertim</strong></span> <span class='ocrx_word' id='word_1_229' title='bbox 1245 3168 1350 3231; x_wconf 87' lang='lat' dir='ltr'><strong>tribu-</strong></span> 
     </span>
     <span class='ocr_line' id='line_1_32' title="bbox 237 3247 1351 3350; baseline 0.004 -38"><span class='ocrx_word' id='word_1_230' title='bbox 237 3259 341 3314; x_wconf 86' lang='lat' dir='ltr'><strong>torum</strong></span> <span class='ocrx_word' id='word_1_231' title='bbox 363 3253 486 3314; x_wconf 85' lang='lat' dir='ltr'><strong>ratione</strong></span> <span class='ocrx_word' id='word_1_232' title='bbox 509 3285 550 3296; x_wconf 96' lang='lat'>-</span> <span class='ocrx_word' id='word_1_233' title='bbox 573 3249 860 3350; x_wconf 40' lang='lat' dir='ltr'><strong>Transilveniem,</strong></span> <span class='ocrx_word' id='word_1_234' title='bbox 867 3257 898 3313; x_wconf 88' lang='lat' dir='ltr'><strong>et</strong></span> <span class='ocrx_word' id='word_1_235' title='bbox 920 3247 1099 3313; x_wconf 81' lang='lat' dir='ltr'><strong>Slavoniam</strong></span> <span class='ocrx_word' id='word_1_236' title='bbox 1121 3251 1159 3315; x_wconf 88' lang='lat' dir='ltr'><strong>ab</strong></span> <span class='ocrx_word' id='word_1_237' title='bbox 1184 3250 1351 3334; x_wconf 83' lang='lat' dir='ltr'><strong>Hungaria</strong></span> 
     </span>
     <span class='ocr_line' id='line_1_33' title="bbox 237 3334 1349 3417; baseline 0.002 -20"><span class='ocrx_word' id='word_1_238' title='bbox 237 3336 436 3417; x_wconf 86' lang='lat' dir='ltr'><strong>discrepasse</strong></span> <span class='ocrx_word' id='word_1_239' title='bbox 458 3345 594 3414; x_wconf 87' lang='lat' dir='ltr'><strong>constet,</strong></span> <span class='ocrx_word' id='word_1_240' title='bbox 617 3335 748 3399; x_wconf 88' lang='lat' dir='ltr'><strong>basille</strong></span> <span class='ocrx_word' id='word_1_241' title='bbox 771 3334 950 3416; x_wconf 85' lang='lat' dir='ltr'><strong>provincias</strong></span> <span class='ocrx_word' id='word_1_242' title='bbox 972 3338 1012 3399; x_wconf 91' lang='lat' dir='ltr'><strong>ad</strong></span> <span class='ocrx_word' id='word_1_243' title='bbox 1033 3337 1116 3399; x_wconf 90' lang='lat' dir='ltr'><strong>idem</strong></span> <span class='ocrx_word' id='word_1_244' title='bbox 1139 3357 1207 3402; x_wconf 90' lang='lat' dir='ltr'><strong>cum</strong></span> <span class='ocrx_word' id='word_1_245' title='bbox 1230 3347 1349 3412; x_wconf 85' lang='lat' dir='ltr'><strong>metro-</strong></span> 
     </span>
     <span class='ocr_line' id='line_1_34' title="bbox 235 3420 1394 3525; baseline 0 -41"><span class='ocrx_word' id='word_1_246' title='bbox 235 3420 301 3520; x_wconf 77' lang='lat' dir='ltr'><strong>poli</strong></span> <span class='ocrx_word' id='word_1_247' title='bbox 323 3423 484 3486; x_wconf 85' lang='lat' dir='ltr'><strong>territorio</strong></span> <span class='ocrx_word' id='word_1_248' title='bbox 507 3430 646 3506; x_wconf 85' lang='lat' dir='ltr'><strong>systema</strong></span> <span class='ocrx_word' id='word_1_249' title='bbox 661 3421 857 3486; x_wconf 85' lang='lat' dir='ltr'><strong>conformare</strong></span> <span class='ocrx_word' id='word_1_250' title='bbox 876 3423 1064 3499; x_wconf 80' lang='lat' dir='ltr'><strong>decreverit3</strong></span> <span class='ocrx_word' id='word_1_251' title='bbox 1088 3423 1197 3503; x_wconf 89' lang='lat' dir='ltr'><strong>quod</strong></span> <span class='ocrx_word' id='word_1_252' title='bbox 1188 3442 1291 3525; x_wconf 84' lang='lat' dir='ltr'><strong>rpsum</strong></span> <span class='ocrx_word' id='word_1_253' title='bbox 1312 3442 1349 3484; x_wconf 81' lang='lat' dir='ltr'><strong>eu</strong></span> <span class='ocrx_word' id='word_1_254' title='bbox 1388 3444 1394 3452; x_wconf 64' lang='lat'><em>¹</em></span> 
     </span>
     <span class='ocr_line' id='line_1_35' title="bbox 235 3467 1347 3612; baseline -0.002 -41"><span class='ocrx_word' id='word_1_255' title='bbox 235 3505 376 3612; x_wconf 85' lang='lat' dir='ltr'><strong>ejusdem</strong></span> <span class='ocrx_word' id='word_1_256' title='bbox 399 3510 531 3572; x_wconf 82' lang='lat' dir='ltr'><strong>Decreta</strong></span> <span class='ocrx_word' id='word_1_257' title='bbox 554 3508 637 3573; x_wconf 85' lang='lat' dir='ltr'><strong>baud</strong></span> <span class='ocrx_word' id='word_1_258' title='bbox 666 3509 798 3572; x_wconf 86' lang='lat' dir='ltr'><strong>obscure</strong></span> <span class='ocrx_word' id='word_1_259' title='bbox 820 3507 997 3592; x_wconf 88' lang='lat' dir='ltr'><strong>colligitur,</strong></span> <span class='ocrx_word' id='word_1_260' title='bbox 1021 3467 1140 3572; x_wconf 83' lang='lat' dir='ltr'><strong>sellicet</strong></span> <span class='ocrx_word' id='word_1_261' title='bbox 1162 3511 1201 3570; x_wconf 87' lang='lat' dir='ltr'><strong>ad</strong></span> <span class='ocrx_word' id='word_1_262' title='bbox 1225 3509 1347 3571; x_wconf 84' lang='lat' dir='ltr'><strong>animos</strong></span> 
     </span>
     <span class='ocr_line' id='line_1_36' title="bbox 235 3594 1347 3676; baseline 0 -20"><span class='ocrx_word' id='word_1_263' title='bbox 235 3595 368 3657; x_wconf 84' lang='lat' dir='ltr'><strong>novitati</strong></span> <span class='ocrx_word' id='word_1_264' title='bbox 390 3596 622 3673; x_wconf 87' lang='lat' dir='ltr'><strong>conciliandos,</strong></span> <span class='ocrx_word' id='word_1_265' title='bbox 658 3595 840 3657; x_wconf 89' lang='lat' dir='ltr'><strong>Nobilitatis</strong></span> <span class='ocrx_word' id='word_1_266' title='bbox 871 3594 1010 3657; x_wconf 85' lang='lat' dir='ltr'><strong>favorem</strong></span> <span class='ocrx_word' id='word_1_267' title='bbox 1042 3595 1101 3656; x_wconf 90' lang='lat' dir='ltr'><strong>boc</strong></span> <span class='ocrx_word' id='word_1_268' title='bbox 1122 3613 1234 3676; x_wconf 90' lang='lat' dir='ltr'><strong>genere</strong></span> <span class='ocrx_word' id='word_1_269' title='bbox 1252 3613 1347 3656; x_wconf 85' lang='lat' dir='ltr'><strong>exae-</strong></span> 
     </span>
     <span class='ocr_line' id='line_1_37' title="bbox 235 3678 1347 3763; baseline 0.002 -22"><span class='ocrx_word' id='word_1_270' title='bbox 235 3679 391 3758; x_wconf 85' lang='lat' dir='ltr'><strong>quationis</strong></span> <span class='ocrx_word' id='word_1_271' title='bbox 421 3681 573 3762; x_wconf 89' lang='lat' dir='ltr'><strong>aucupari</strong></span> <span class='ocrx_word' id='word_1_272' title='bbox 603 3679 734 3743; x_wconf 84' lang='lat' dir='ltr'><strong>volebat</strong></span> <span class='ocrx_word' id='word_1_273' title='bbox 757 3679 910 3745; x_wconf 80' lang='lat' dir='ltr'><strong>Vicissim</strong></span> <span class='ocrx_word' id='word_1_274' title='bbox 936 3680 1033 3744; x_wconf 80' lang='lat' dir='ltr'><strong>Fiscii</strong></span> <span class='ocrx_word' id='word_1_275' title='bbox 1054 3681 1145 3763; x_wconf 84' lang='lat' dir='ltr'><strong>Regii</strong></span> <span class='ocrx_word' id='word_1_276' title='bbox 1167 3699 1204 3741; x_wconf 84' lang='lat' dir='ltr'><strong>ex</strong></span> <span class='ocrx_word' id='word_1_277' title='bbox 1227 3678 1347 3743; x_wconf 85' lang='lat' dir='ltr'><strong>delectu</strong></span> 
     </span>
     <span class='ocr_line' id='line_1_38' title="bbox 233 3764 1348 3848; baseline 0.004 -22"><span class='ocrx_word' id='word_1_278' title='bbox 233 3765 463 3829; x_wconf 86' lang='lat' dir='ltr'><strong>successionem</strong></span> <span class='ocrx_word' id='word_1_279' title='bbox 503 3785 560 3848; x_wconf 89' lang='lat' dir='ltr'><strong>per</strong></span> <span class='ocrx_word' id='word_1_280' title='bbox 597 3766 657 3830; x_wconf 91' lang='lat' dir='ltr'><strong>boc</strong></span> <span class='ocrx_word' id='word_1_281' title='bbox 692 3765 857 3830; x_wconf 85' lang='lat' dir='ltr'><strong>Decretum</strong></span> <span class='ocrx_word' id='word_1_282' title='bbox 900 3767 1078 3848; x_wconf 88' lang='lat' dir='ltr'><strong>ampliatam</strong></span> <span class='ocrx_word' id='word_1_283' title='bbox 1112 3764 1232 3846; x_wconf 86' lang='lat' dir='ltr'><strong>luisse,</strong></span> <span class='ocrx_word' id='word_1_284' title='bbox 1273 3765 1348 3831; x_wconf 88' lang='lat' dir='ltr'><strong>alibi</strong></span> 
     </span>
     <span class='ocr_line' id='line_1_39' title="bbox 235 3850 371 3914; baseline -0.008 -1"><span class='ocrx_word' id='word_1_285' title='bbox 235 3850 371 3914; x_wconf 89' lang='lat' dir='ltr'><strong>memini.</strong></span> 
     </span>
    </p>
   </div>
   <div class='ocr_carea' id='block_1_7' title="bbox 178 4073 344 4131">
    <p class='ocr_par' dir='ltr' id='par_1_8' title="bbox 178 4073 344 4131">
     <span class='ocr_line' id='line_1_40' title="bbox 178 4073 344 4131; baseline -0.018 0"><span class='ocrx_word' id='word_1_286' title='bbox 178 4073 204 4131; x_wconf 77' lang='lat'><strong>⁸)</strong></span> <span class='ocrx_word' id='word_1_287' title='bbox 225 4077 300 4128; x_wconf 77' lang='lat' dir='ltr'><strong>deae.</strong></span> <span class='ocrx_word' id='word_1_288' title='bbox 317 4077 344 4128; x_wconf 85' lang='grc'><strong>2.</strong></span> 
     </span>
    </p>
   </div>
   <div class='ocr_carea' id='block_1_8' title="bbox 175 4142 818 4351">
    <p class='ocr_par' dir='ltr' id='par_1_9' title="bbox 175 4142 818 4351">
     <span class='ocr_line' id='line_1_41' title="bbox 175 4142 818 4280; baseline 0.006 -15"><span class='ocrx_word' id='word_1_289' title='bbox 175 4142 208 4274; x_wconf 61' lang='lat' dir='ltr'><strong>:l</strong></span> <span class='ocrx_word' id='word_1_290' title='bbox 225 4148 417 4280; x_wconf 62' lang='lat' dir='ltr'><strong>Nx⁵alla¹l31pu</strong></span> <span class='ocrx_word' id='word_1_291' title='bbox 438 4212 490 4278; x_wconf 83' lang='lat' dir='ltr'><strong>ipe.</strong></span> <span class='ocrx_word' id='word_1_292' title='bbox 504 4213 531 4263; x_wconf 89' lang='lat' dir='ltr'><strong>ln</strong></span> <span class='ocrx_word' id='word_1_293' title='bbox 548 4212 662 4266; x_wconf 79' lang='lat' dir='ltr'><strong>collect</strong></span> <span class='ocrx_word' id='word_1_294' title='bbox 680 4212 818 4269; x_wconf 81' lang='lat' dir='ltr'><strong>lievenes.</strong></span> 
     </span>
     <span class='ocr_line' id='line_1_42' title="bbox 178 4281 758 4351; baseline 0.002 -14"><span class='ocrx_word' id='word_1_295' title='bbox 178 4281 205 4343; x_wconf 69' lang='grc' dir='ltr'><strong>ὀ)</strong></span> <span class='ocrx_word' id='word_1_296' title='bbox 225 4286 256 4337; x_wconf 91' lang='lat' dir='ltr'><strong>ln</strong></span> <span class='ocrx_word' id='word_1_297' title='bbox 272 4286 351 4351; x_wconf 82' lang='lat' dir='ltr'><strong>Spec.</strong></span> <span class='ocrx_word' id='word_1_298' title='bbox 361 4283 473 4338; x_wconf 82' lang='lat' dir='ltr'><strong>Hereld.</strong></span> <span class='ocrx_word' id='word_1_299' title='bbox 487 4283 580 4350; x_wconf 76' lang='lat' dir='ltr'><strong>flung.</strong></span> <span class='ocrx_word' id='word_1_300' title='bbox 596 4285 625 4334; x_wconf 78' lang='lat' dir='ltr'><strong>t.</strong></span> <span class='ocrx_word' id='word_1_301' title='bbox 644 4285 670 4337; x_wconf 83' lang='grc'><strong>3.</strong></span> <span class='ocrx_word' id='word_1_302' title='bbox 688 4283 718 4337; x_wconf 83' lang='lat' dir='ltr'><strong>c.</strong></span> <span class='ocrx_word' id='word_1_303' title='bbox 731 4287 758 4338; x_wconf 79' lang='lat'><strong>2.</strong></span> 
     </span>
    </p>
   </div>
   <div class='ocr_carea' id='block_1_9' title="bbox 176 4328 891 4429">
    <p class='ocr_par' dir='ltr' id='par_1_10' title="bbox 176 4328 891 4429">
     <span class='ocr_line' id='line_1_43' title="bbox 176 4328 891 4429; baseline -0.001 -19"><span class='ocrx_word' id='word_1_304' title='bbox 176 4358 203 4429; x_wconf 69' lang='grc' dir='ltr'><strong>ο)</strong></span> <span class='ocrx_word' id='word_1_305' title='bbox 221 4356 283 4412; x_wconf 83' lang='lat' dir='ltr'><strong>Not.</strong></span> <span class='ocrx_word' id='word_1_306' title='bbox 299 4369 354 4415; x_wconf 85' lang='lat' dir='ltr'><strong>rer.</strong></span> <span class='ocrx_word' id='word_1_307' title='bbox 370 4355 728 4426; x_wconf 57' lang='lat' dir='ltr'><strong>matemautensem</strong></span> <span class='ocrx_word' id='word_1_308' title='bbox 746 4354 771 4424; x_wconf 56' lang='grc' dir='ltr'><strong>ᾗ.</strong></span> <span class='ocrx_word' id='word_1_309' title='bbox 789 4355 835 4410; x_wconf 89' lang='lat' dir='ltr'><strong>Vl.</strong></span> <span class='ocrx_word' id='word_1_310' title='bbox 887 4328 891 4334; x_wconf 43' lang='grc'>’</span> 
     </span>
    </p>
   </div>
   <div class='ocr_carea' id='block_1_10' title="bbox 0 0 1584 4864">
    <p class='ocr_par' dir='ltr' id='par_1_11' title="bbox 0 0 1584 4864">
     <span class='ocr_line' id='line_1_44' title="bbox 0 0 1584 4864; baseline 0 4"><span class='ocrx_word' id='word_1_311' title='bbox 0 0 1584 4864; x_wconf 95' lang='lat' dir='ltr'><strong> </strong></span> 
     </span>
    </p>
   </div>
  </div>
 </body>
</html>
