3122 4852
768 425 805 514 §.
835 426 920 499 556.

640 576 828 670 Regelare·
845 581 1040 652 consoceri.

347 728 459 803 Nemo
488 727 570 801 mibi
599 728 762 820 objiciat,
790 748 905 822 neque
933 725 1026 798 bella
1046 729 1187 799 omnino
1218 721 1445 816 frequentis-

246 836 333 908 sima
351 833 452 925 geri,
480 853 596 926 neque
616 831 749 925 amplas
767 829 975 902 Provincias
995 829 1156 902 salutatis
1186 845 1347 921 semper,
1376 823 1445 894 ln-

246 937 571 1028 surrectiouemque
599 931 869 1006 decernentibus
895 933 1042 1026 praevie
1069 929 1246 1017 comitiis,
1274 929 1445 1022 occupari

243 1040 428 1136 potuisse3
457 1039 587 1109 scimus
607 1039 698 1107 enim
717 1034 838 1127 Reges
858 1032 1071 1127 amplissima
1093 1043 1232 1120 castra,
1259 1029 1443 1124 inquibus

244 1149 371 1236 gentes
390 1161 468 1210 cum
487 1141 562 1211 suis
581 1137 720 1210 familiis
739 1135 931 1224 vivebant,
960 1134 1121 1230 aliosque
1147 1134 1310 1231 praecise
1328 1133 1443 1224 regiis

245 1240 453 1339 stipendiis,
487 1239 548 1312 vel
572 1239 747 1336 praediis,
775 1237 986 1333 nuribusque
1016 1239 1206 1332 assignetis
1233 1256 1298 1331 per
1326 1256 1445 1324 omne,

247 1367 314 1442 qua
333 1343 404 1414 late
423 1351 542 1439 patet,
571 1343 755 1438 Regnum,
783 1343 889 1435 inque
911 1338 1073 1414 confiniis
1097 1347 1243 1436 praesto
1262 1336 1471 1426 hahuisse„

246 1448 305 1545 qui
335 1443 376 1516 ab
405 1447 482 1537 ejus
512 1445 684 1517 illimitato
705 1447 757 1516 sic
783 1439 983 1539 pendebant
1010 1443 1174 1530 arbitrio,
1202 1448 1240 1512 ut
1264 1443 1445 1513 exercitus

245 1551 391 1643 regius,
419 1551 560 1644 quoties
579 1547 630 1620 illi
652 1547 861 1621 ofensivum
881 1549 985 1617 etiam
1004 1544 1132 1616 bellum
1161 1542 1354 1637 gerendum
1380 1545 1444 1613 vi-

245 1650 409 1738 deretur,
437 1648 480 1721 ad
513 1650 607 1720 istud
631 1648 917 1746 prosequendum
947 1645 1133 1720 confestim
1164 1646 1344 1718 admoveri
1370 1665 1444 1739 po-

245 1753 361 1825 tuerit.

770 1959 806 2046 ς.
836 1959 921 2030 557.

479 2113 552 2184 Per
570 2108 825 2184 retroductam
842 2107 1014 2180 stabilem
1031 2108 1212 2181 mattulam.

350 2255 581 2352 Nequaquam
613 2279 703 2330 vero
731 2277 796 2351 per
826 2255 982 2344 stabilis,
1018 2278 1059 2326 ae
1087 2254 1271 2349 regulatae
1298 2258 1442 2329 militiae

239 2358 538 2430 introductionem
568 2358 723 2431 desierat
753 2361 892 2451 penitus
921 2357 1074 2428 officium
1093 2379 1157 2454 pro
1184 2356 1295 2450 Regis
1316 2366 1352 2430 et
1368 2359 1442 2431 Pa-

240 2462 330 2530 triae
360 2457 570 2531 defensioue
604 2457 866 2551 consurgendi,
904 2461 1034 2553 jusque
1071 2482 1090 2530 a
1123 2459 1314 2532 Nobilitate
1343 2461 1441 2549 illud,
1540 2475 1542 2504 ³

239 2564 380 2654 quoties
405 2560 545 2657 publiea
577 2560 737 2655 deposcit
766 2563 964 2650 securitas,
993 2560 1224 2633 conformiter
1255 2562 1299 2633 ad
1325 2563 1441 2656 leges,

238 2661 307 2733 hoe
334 2666 370 2733 in
399 2667 524 2735 merito
551 2665 866 2758 praeexistentes,
904 2663 1092 2756 exigendi,
1128 2662 1246 2757 Regi,
1272 2675 1310 2736 ut
1337 2673 1440 2735 antea

239 2760 378 2852 fuerat,
408 2761 576 2857 deinceps
596 2763 766 2836 inviolate
785 2769 978 2859 permansit
994 2790 1004 2852 3
1034 2765 1128 2859 quod
1145 2786 1272 2860 nempe
1291 2770 1326 2839 8.
1347 2769 1439 2837 arti-

240 2863 338 2935 culus
358 2863 453 2934 Anni
476 2865 583 2936 1715.
605 2869 788 2962 expressis
808 2865 953 2937 totidem
971 2866 1093 2940 verbis
1110 2864 1152 2958 l)
1172 2877 1350 2939 reservat.

280 3007 299 3044 p
544 3009 552 3021 .
716 3011 723 3027 .
992 3013 999 3028 .
1030 3013 1038 3028 .

301 3007 784 3180 '„dttlttttttdtltlt
797 3012 1050 3175 tttttd?
1071 3011 1441 3180 ttg‘tttljtttttz

324 3183 518 3266 „persenae)
542 3184 575 3244 iu
590 3181 727 3264 Ungeria
749 3184 798 3246 lex
813 3183 1038 3263 complectitur,
1065 3202 1122 3264 pro
1139 3184 1240 3267 Regni
1256 3185 1442 3247 defensioue

284 3305 288 3312 ·
324 3267 500 3344 ·„militare‚
532 3270 708 3349 adeoque
743 3268 1028 3350 personaliter
1056 3270 1296 3352 insurgere,
1320 3290 1442 3355 speque

258 3417 282 3430 ‚¹
325 3355 521 3434 „respective
551 3354 702 3416 Reuderie
725 3356 915 3436 producere,
949 3373 984 3416 ao
1006 3363 1167 3435 praestare
1190 3362 1370 3418 teneantur:
1395 3356 1440 3417 ld

326 3457 466 3514 „saera
491 3439 696 3503 Caesareo
727 3439 852 3519 Regia
883 3438 1086 3524 Mejestas
1110 3441 1274 3521 quoties
1297 3459 1441 3504 neees-

326 3543 433 3604 „sum
457 3544 549 3588 esse
570 3522 848 3608 judicaverit,
879 3527 923 3587 ed
947 3525 1276 3588 conformitatem
1301 3526 1443 3590 becte-

325 3631 423 3687 „nus
458 3611 713 3674 sancitatem
756 3611 980 3689 superinde
1016 3611 1164 3693 legum,
1197 3631 1216 3674 e
1250 3614 1362 3674 modo
1398 3612 1442 3674 in

258 3751 260 3754 .
324 3705 544 3774 „posterum
569 3715 717 3777 quoque
741 3696 992 3773 desiderare,
1015 3705 1051 3760 et
1074 3698 1233 3778 exigere
1256 3697 1441 3778 poterit.“

760 3885 797 3971 §.
827 3887 910 3958 558.

578 4035 694 4108 Prior
712 4033 937 4128 reserpendi
950 4035 1093 4108 modus.

338 4176 535 4250 Videndum
563 4201 673 4276 ergo,
702 4205 793 4277 quae
823 4187 964 4278 speeies
993 4180 1281 4276 lusurrectiouis,
1313 4196 1350 4258 et
1367 4209 1442 4282 qua

118 4365 120 4370 Ι
238 4277 292 4344 sui
319 4287 419 4368 parte
450 4280 632 4371 omnibus,
662 4305 703 4353 ae
730 4283 900 4376 singulis,
928 4303 1018 4377 quos
1046 4285 1107 4356 lex
1137 4286 1341 4363 Nobilitatis
1361 4311 1440 4360 no-

236 4375 330 4442 mine
348 4373 405 4446 bie
423 4377 606 4472 designat,
623 4393 707 4478 post
726 4383 910 4456 articulum
927 4381 1116 4459 iudicatum
1135 4392 1349 4485 praestanda
1367 4411 1439 4466 su-
