3122 4852
1278 233 1380 347 139*

193 437 230 526 ³⁸)
252 435 599 518 „Statuimus-vcrb'a
621 443 693 500 suunt
713 436 839 502 Decreti
853 436 1026 521 ⁸)-quod
1050 435 1079 500 si
1096 439 1133 500 ad
1153 439 1343 520 occupanda,
1362 483 1364 488 -
1391 451 1396 463 ·

235 524 307 604 „vel
340 523 527 604 acquirenda
566 524 674 606 Regna
713 524 872 608 contingat
908 545 966 588 nos
1005 526 1172 588 exercitum
1208 545 1344 601 movere,

237 610 389 690 „Nobiles
412 608 529 672 invitos
553 612 591 672 ad
618 611 785 674 exercitum
805 631 867 674 non
887 613 1058 687 trahemus,
1081 612 1143 673 nisi
1163 611 1217 693 qui
1236 609 1347 692 sponte

235 696 414 776 „volueriut
433 697 607 776 proticisci,
638 696 688 759 vel
718 717 775 778 pro
808 707 916 761 nostra
948 699 1087 779 pecunia.
1110 698 1290 760 Nacoliam
1313 699 1347 762 iu

235 783 433 934 „suplsidium
456 783 592 848 liliorum
614 792 807 864 nostrorum,
828 783 878 850 vel
900 784 1034 850 aliorum
1053 784 1171 850 invitos
1194 783 1241 849 iae
1258 803 1346 849 com-

235 892 298 960 „pe
321 871 431 934 cmus“
454 877 511 936 etc.

668 1087 704 1174 §,
735 1087 820 1162 554.

145 1243 466 1324 Insurrectioncm
495 1241 650 1332 ccipere
678 1244 784 1352 omno}
807 1254 977 1334 temporo
994 1242 1108 1334 Regia·
1127 1241 1231 1314 darie
1250 1251 1341 1316 erat.
1432 1237 1434 1242 ’

249 1411 405 1504 Cunctis,
432 1433 593 1509 quaeque
612 1410 656 1484 de
674 1410 744 1482 boc
770 1411 922 1484 themate
940 1412 1092 1510 praefati
1111 1413 1249 1500 sumus,
1275 1409 1342 1483 rita

146 1520 239 1590 inter
258 1536 298 1590 se
317 1515 546 1606 combinatis,
575 1517 628 1588 sic
654 1523 758 1588 vetus
785 1513 1001 1605 Insurrectio
1029 1515 1146 1589 locum
1176 1513 1343 1586 babuisse

148 1621 377 1716 conspicitur,
405 1627 442 1689 ut
460 1619 519 1690 ubi
543 1619 722 1691 exercitus
750 1620 871 1712 regius
889 1617 984 1691 hosti
1003 1611 1185 1693 commune¹
1204 1615 1344 1688 Patriae

146 1724 361 1794 territorium
379 1720 574 1809 invadenti,
593 1721 654 1794 vel
671 1719 841 1794 inuadere
860 1723 1031 1794 minitanti
1049 1720 1250 1795 resistendo
1269 1741 1343 1792 nou

78 1905 79 1908 Ἴ
145 1824 343 1912 videbatur,
370 1823 669 1895 Insurrectioncm
699 1826 846 1916 exigere
876 1817 920 1895 ad
946 1824 1083 1918 Regem
1111 1823 1341 1918 pertinuerit,

146 1924 190 1996 ad
207 1923 423 2018 Reguicolas
451 1944 540 1997 vero
571 1933 651 1995 ante
684 1929 799 1994 omnia
826 1925 958 2013 milite,
986 1949 1051 2021 per
1076 1925 1341 1997 Nobilitateme
1457 1955 1461 1960 ·

143 2027 270 2116 bonis,
309 2034 344 2096 et
370 2022 593 2095 facultatibus
625 2026 698 2094 suis
727 2021 902 2113 condato,
941 2030 1121 2121 suppetias
1151 2024 1339 2112 conferre,

143 2128 234 2200 baec
261 2131 292 2201 si
320 2147 392 2198 non
421 2125 636 2212 subicerent,
664 2121 856 2196 Nobilitate
884 2129 960 2221 ipsa
991 2131 1027 2199 in
1057 2149 1211 2222 persona
1246 2148 1340 2198 arma

144 2233 320 2326 capiente,
347 2227 506 2324 periculo
528 2247 732 2316 occurrere,
760 2227 959 2323 limitesque
979 2232 1081 2302 tueri.
1109 2228 1166 2301 Ad
1184 2231 1348 2324 priorem,

144 2333 295 2406 classem
325 2340 452 2425 gentes
483 2328 775 2402 Banderiatorum
806 2333 921 2420 sacri,
958 2339 995 2404 et
1023 2330 1163 2428 profani
1194 2329 1359 2422 ordinis,

141 2437 262 2531 populi
280 2433 493 2528 praediales,
512 2441 622 2527 atque
636 2433 756 2504 militia
774 2433 922 2527 portalis
942 2434 1170 2531 spectabant,
1198 2431 1340 2506 Nobili-

128 2537 196 2608 'tas
216 2547 332 2608 autem
360 2538 490 2606 viritim
516 2537 724 2627 insurgens,
751 2534 888 2628 Regem
907 2535 950 2606 ad
976 2537 1106 2608 bellum
1124 2534 1337 2623 comitando,

140 2641 242 2732 regio
263 2637 326 2710 sub
346 2637 480 2710 vexillo
500 2635 677 2708 militabat.
698 2636 987 2709 Omnestandem
1005 2638 1072 2710 bae
1092 2633 1230 2733 copiae,
1251 2655 1338 2732 quas

17 2795 28 2816 .
141 2741 243 2813 simul
261 2749 393 2812 sumtus
413 2741 519 2810 etiam
548 2741 743 2811 exercitum
772 2739 888 2832 Regni
916 2741 1120 2832 generalem
1150 2737 1336 2834 aliquando

139 2846 312 2916 nominari
331 2841 500 2932 dixeram,
520 2841 679 2934 generali
700 2841 867 2915 suberant
879 2839 1086 2939 Capitane0,
1106 2864 1209 2936 quem
1222 2840 1338 2934 Regni

139 2944 352 3034 Palatinum,
380 2953 416 3016 et
442 2945 478 3016 in
507 2943 654 3016 adnexis
683 2945 881 3019 Provinciis
910 2951 1076 3042 proprios
1105 2943 1224 3018 Banos
1254 2963 1337 3017 esse

139 3047 341 3118 volucrunt.

664 3247 702 3336 §.
731 3247 817 3323 555.
857 3320 860 3326 .

430 3399 533 3486 Quae
560 3405 599 3472 in
625 3401 751 3492 Regno·
769 3400 1026 3472 Conocoo'bos.

236 3569 395 3670 Adparet
413 3595 522 3669 porro
552 3571 643 3645 hanc
670 3571 921 3665 obligationem
940 3571 1039 3646 volut
1067 3571 1110 3643 ab
1131 3571 1334 3642 immunita·
1352 3573 1369 3655 s

134 3676 239 3767 tibus,
267 3678 600 3772 praerogativisque
625 3673 868 3746 nobilitaribus
898 3673 1170 3769 inseparabilem
1198 3675 1328 3763 (530),
1441 3695 1444 3700 ·

2 3801 9 3818 ·
125 3781 186 3850 sic
205 3788 240 3851 ct
259 3779 341 3852 olim
359 3777 471 3850 fuisso
491 3778 679 3872 expletam,
698 3786 735 3848 ut
753 3774 877 3848 modus
897 3775 1182 3864 insurrectionis,
1203 3780 1329 3870 copia·
1373 3841 1375 3844 .

133 3902 302 3975 rumque,
331 3903 373 3952 ac
392 3890 564 3953 sumtuum
584 3903 627 3952 eo
648 3877 995 3968 convertendorum,
1017 3881 1074 3974 qui
1094 3877 1239 3951 subsidii
1257 3900 1330 3948 no·
1428 3941 1430 3946 .

133 3985 224 4053 minc
243 3983 452 4072 veniebant,
482 3986 657 4077 quantitas
675 4004 740 4078 pro
767 3983 906 4052 ratione
925 3982 1169 4072 adjunctorum
1195 3983 1230 4051 in
1248 3980 1327 4051 Ro-

132 4087 192 4178 gni
211 4081 451 4156 conventibus
479 4087 661 4180 speciatim
692 4084 1005 4171 determinaretur,
1033 4081 1128 4177 quod
1145 4083 1247 4178 leges
1265 4081 1325 4160 vel
1373 4141 1376 4147 .

130 4191 207 4283 ipsa
227 4185 440 4262 oblationum
456 4191 631 4264 varietate
650 4191 704 4262 sic
721 4191 934 4262 usuvenisse
954 4185 1155 4262 ostendunt.

133 4361 342 4373 nu——n--n-u-

159 4450 183 4519 ι)
203 4453 273 4508 anni
286 4453 365 4511 rect.
384 4456 408 4512 r.
432 4457 504 4524 quor
523 4455 681 4512 novaculae
700 4453 784 4514 eatan
797 4457 825 4510 n
844 4425 1031 4514 vaccum
1049 4469 1077 4524 p.
1094 4454 1154 4510 1³9.
