3144 4860
733 424 740 439 .
771 371 829 444 32.

320 496 605 570 eransilvama
628 369 768 588 par?
751 501 946 586 anteprona
971 497 1205 586 Hunparv'oe.

166 687 169 692 .
278 622 579 742 Transilvaniam,
608 640 710 714 quam
736 619 945 714 Anonymus
966 619 1162 691 Tuhutumo
1186 638 1207 687 e
1236 620 1374 708 septem

178 723 379 822 capitaneis
399 727 459 794 uni
477 723 519 794 ab
538 718 682 816 Arpado
707 720 869 792 donatam
893 721 977 793 dicit
1007 723 1052 811 ⁰,)
1081 730 1117 791 et
1135 720 1270 814 Prayus
1302 713 1372 786 ad-

177 828 444 899 ministrationis
471 824 638 896 duntaxat
671 822 771 894 titulo
806 822 1044 896 concreditam
1071 818 1295 893 existimabat
1323 815 1374 908 ¹',)

177 927 404 1000 beneficiario
426 928 566 999 nomine
586 925 698 997 fuisse
712 925 886 1013 collatam,
906 923 1209 998 verosimillimum
1220 920 1374 994 videtur.

169 1029 256 1115 ‚Quo
282 1032 480 1123 supposito,
502 1026 641 1100 facilem
660 1025 765 1098 babet
786 1026 1010 1121 explicatum,
1038 1047 1100 1096 cur
1116 1024 1153 1099 S.
1174 1020 1376 1117 Stephanus
1400 1021 1409 1038 ⁸

178 1128 612 1224 PronepotemTubutumi
629 1125 778 1222 Gyulam
796 1129 1014 1222 obsequium,
1033 1127 1207 1220 iidemque
1230 1123 1377 1195 detrec-

178 1241 324 1321 tantem,
354 1231 535 1304 custodiae
559 1231 827 1326 mancipaverit,
854 1231 993 1320 atejus
1025 1229 1193 1303 ditionem
1213 1231 1250 1301 in
1279 1243 1378 1297 suam

178 1333 362 1428 redegerit
386 1342 609 1428 potestatem.
661 1405 668 1418 .

744 1487 751 1504 .
781 1435 841 1507 33.

344 1564 443 1634 Dein
470 1580 495 1629 a
517 1564 690 1650 propriis
715 1435 953 1650 {recepitne
977 1559 1197 1649 gubernato.

280 1681 485 1782 Regebatur
513 1681 554 1752 ab
581 1681 650 1752 hoc
676 1690 836 1776 tempore
864 1682 1108 1756 transilvania
1137 1679 1283 1756 subinde
1311 1697 1377 1774 per

181 1783 376 1874 Vajvodas,
405 1771 630 1878 comitesque
657 1779 867 1874 Siculorum,
895 1808 914 1855 a
936 1785 1092 1877 Regibus
1111 1784 1322 1871 nominatos,
1342 1791 1378 1853 et

182 1897 356 2008 tamquam
379 1905 461 1980 pars
483 1889 665 1978 integrans
686 1884 886 1978 Hungariae
907 1885 1031 1959 iisdem
1048 1886 1199 1980 legibus,
1227 1893 1262 1955 et
1278 1880 1376 1974 judi-

183 1990 269 2078 ciis3
299 1985 531 2059 concurrebat
552 2010 618 2083 per
639 1985 850 2078 VaJvodam,
879 2011 921 2059 ac
941 1989 1126 2078 interdum,
1154 1987 1294 2059 tametsi
1313 2006 1378 2054 ra-

181 2093 267 2179 rius,
295 2111 360 2184 per
382 2089 539 2161 Nunoios
559 2089 603 2161 ad
624 2088 740 2182 Regni
762 2087 923 2179 Comitia,
950 2100 988 2160 ut
1006 2089 1149 2162 decreta
1177 2092 1254 2184 ipsa
1282 2088 1379 2158 clare

181 2189 367 2287 perhibent
397 2194 443 2283 ⁰).
470 2189 690 2262 Fruebantur
711 2189 858 2262 Nobiles
886 2189 1014 2263 ibidem
1043 2192 1215 2286 degentes
1237 2187 1281 2261 ad
1298 2186 1379 2259 No·

51 2351 53 2356 .
183 2303 277 2366 stros
299 2313 413 2387 usque
444 2291 519 2364 dies
538 2291 664 2365 iisdem
686 2313 763 2362 cum
781 2297 932 2366 caeteris
951 2293 1067 2387 Regni
1085 2291 1281 2378 Nobilibus,
1300 2290 1379 2384 pri-

182 2393 338 2486 vilegiis,
367 2403 403 2465 et
428 2395 702 2487 praerogativis,
737 2401 842 2487 atque
866 2394 932 2466 bac
954 2395 1017 2467 sub
1041 2393 1153 2468 forma
1178 2391 1380 2485 Hungariae

185 2491 374 2586 conjuncta
393 2495 547 2590 perstitit
567 2493 610 2564 ad
628 2493 762 2564 cladem
789 2517 901 2589 usque
923 2495 1195 2569 Mobacsianam.
1225 2494 1300 2580 Qua
1317 2514 1381 2562 ra·
1417 2555 1419 2560 ι

183 2598 279 2667 tione
296 2599 364 2667 ista
387 2595 467 2666 dein
481 2605 564 2688 post
575 2617 699 2690 paoem
716 2598 808 2667 inter
824 2596 1092 2688 Ferdinandum,
1113 2609 1148 2669 et
1167 2597 1244 2688 ejus
1256 2593 1382 2666 Cerri-

183 2697 300 2770 valem
317 2695 490 2767 loannem
517 2696 559 2766 de
586 2696 756 2793 tholya,
776 2697 944 2771 Varadini
970 2700 1014 2771 A.
1040 2701 1147 2774 1538.
1168 2697 1382 2784 conclusam,

183 2797 266 2868 huic
286 2797 329 2868 ad
351 2797 427 2868 dies
454 2799 571 2886 vitae,
608 2803 658 2870 uti
687 2800 841 2871 conditio
871 2803 908 2872 7³
940 2801 1067 2873 aliatim
1093 2798 1277 2896 perbibet,
1305 2819 1382 2868 curn
1471 2803 1478 2815 '

122 2954 127 2962 .
185 2898 332 2970 notabili
353 2898 510 2991 reliquae
528 2899 731 2992 Hungariae
750 2905 915 2994 portione
944 2923 1072 2992 oessa,
1101 2911 1136 2974 et
1165 2901 1206 2972 ab
1234 2899 1381 2970 loannis

186 3000 297 3092 Regis
317 2997 413 3071 obitu
433 3021 516 3072 mox
534 3004 660 3072 iterum
681 2999 855 3072 isabellae
881 3002 1055 3094 Reginae,
1083 3014 1154 3074 tum
1173 3005 1275 3073 istius
1294 2997 1384 3069 Filio

186 3100 314 3173 loanni
336 3099 560 3194 Sigismundo
581 3112 708 3198 postea
732 3104 853 3184 variis
868 3104 1181 3192 Transilvanicae,
1219 3113 1256 3173 et
1283 3099 1386 3170 Hun-

188 3206 329 3295 garicae
350 3207 510 3296 originis,
532 3204 671 3294 adjecto
697 3200 869 3295 Principis
891 3204 1005 3296 titulo,
1026 3227 1166 3300 semper
1186 3214 1302 3276 tamen
1324 3199 1386 3273 sub

189 3303 328 3375 futurae
357 3305 698 3397 reincorporationis
718 3302 977 3378 conditionibus
1011 3307 1199 3398 obtigerit,
1226 3303 1386 3391 historia,

189 3413 357 3475 tractatus
375 3401 432 3492 ⁴4),
459 3413 495 3473 et
523 3405 625 3496 leges
656 3401 711 3494 dl,
741 3403 940 3477 ostendunt.
994 3407 1192 3501 Mensaque
1223 3415 1296 3476 tota
1322 3403 1388 3472 bac

190 3504 326 3600 epocha
346 3503 591 3576 Transilvania
606 3504 764 3597 Regibus
787 3509 918 3580 nostris
939 3497 1136 3581 clientelari
1161 3509 1256 3578 nexu
1280 3504 1387 3575 indu-

188 3606 246 3677 bie
266 3607 432 3694 obnoxia,
459 3613 497 3675 ut
525 3606 616 3678 buno
636 3608 818 3702 Principes
848 3631 941 3702 pene
964 3631 1086 3683 omues
1111 3612 1236 3703 partim
1265 3617 1388 3678 turca-

190 3729 267 3780 rum
289 3709 425 3802 potent
416 3728 484 3777 ram
505 3710 623 3797 veriti,
644 3711 770 3803 partim
801 3709 878 3781 aliis
902 3709 1080 3784 decausis
1102 3709 1388 3846 frequentissime

192 3811 420 3884 violaverint.

189 3933 390 3946 *-

222 3977 317 4040 εἰ)οι).
336 3979 381 4030 eit
401 3977 429 4029 0.
448 3974 491 4029 al.

222 4045 248 4108 b)
267 4048 339 4098 Hiat.
359 4051 425 4112 Rag.
444 4050 536 4111 Hung.
555 4047 581 4097 ln
601 4053 655 4098 not.
677 4062 769 4112 praev.
788 4053 817 4102 P.
835 4054 871 4102 ll.
887 4049 911 4114 0.
929 4049 1014 4102 XVll.

223 4119 247 4182 a)
268 4117 425 4169 Kavacbicb
444 4119 470 4169 ia
490 4119 568 4168 Vast.
587 4118 662 4168 Com.
681 4118 769 4170 Diaei.
788 4123 815 4172 in
832 4122 923 4184 (temp.
942 4118 1035 4172 Rakos
1054 4119 1093 4169 Aa
1122 4119 1199 4171 1525.
1219 4117 1303 4169 celeb.
1329 4117 1389 4168 Art.

272 4190 315 4238 37.
333 4189 361 4241 lt.
382 4190 461 4241 1553.
481 4190 523 4240 15.
543 4186 620 4238 Gens.
640 4187 809 4242 Schaeseum
829 4193 854 4242 in
873 4191 952 4242 Ruin.
970 4192 1092 4241 Panaca.
1112 4189 1176 4240 edit.
1197 4188 1390 4252 liderla-120.

174 4259 177 4264 '
224 4255 251 4322 d)
270 4257 348 4311 1552.
366 4261 389 4310 1.
410 4259 485 4308 1595.
506 4259 548 4309 56.
567 4258 629 4306 Vid.
652 4258 738 4314 (toarv.
758 4275 819 4313 cum
830 4259 954 4324 Booallay
972 4261 1029 4312 init.
1048 4261 1075 4311 ln
1094 4259 1161 4311 Cod.
1181 4257 1390 4311 abundasset

274 4327 351 4380 1608.
371 4330 412 4382 19.
432 4343 456 4394 p.
479 4327 509 4379 Ο.
529 4328 606 4380 1613.
625 4331 648 4380 5.
