3138 4858
1296 249 1375 330 211

173 407 227 481 les
243 409 280 480 in
309 409 473 504 exemplo
497 416 578 482 suut
604 409 780 483 Officiales
809 405 959 504 publici,
996 433 1039 481 ac
1065 411 1214 505 privati,
1243 410 1370 500 diuer-

174 529 291 582 sarum
310 511 536 603 Religionum
556 510 723 600 Ministri,
751 511 975 584 Institutores
996 511 1221 599 iuventutis,
1244 516 1377 592 artium

172 611 367 683 liberalium
386 613 572 702 doctores,
590 622 649 684 aut
676 613 904 701 sectatores,
925 635 1003 684 cum
1030 613 1108 686 aliis
1139 614 1261 686 variae
1276 677 1278 688 .
1293 610 1367 685 Ca-

172 711 357 806 thegoriae
387 714 565 808 pluribus,
601 715 662 788 vel
688 723 788 809 patre
815 714 962 807 ignobili
989 717 1121 806 geniti,
1160 723 1195 783 et
1223 711 1366 788 fundum

171 813 393 888 nobilitarem
424 825 578 899 amatre
602 815 711 888 nobili
737 816 955 889 haereditate
987 816 1236 910 possidentes,
1274 836 1365 908 quos

172 913 299 1005 Curia,
326 925 362 987 et
389 916 519 989 Forum
548 917 675 1010 Agiles
697 929 826 1007 vocat3
852 919 913 992 vel
934 921 993 1014 qui
1010 927 1257 1009 mercaturam,
1279 919 1362 1017 opi-

168 1015 307 1109 iicium,
336 1026 590 1120 quaestumque
608 1029 789 1096 exercent.

633 1219 903 1306 caprum.

366 1349 578 1435 botivill
606 1352 859 1436 colonorum
886 1351 1156 1438 counitione.
1282 1477 1335 1484 ,Α
1401 1412 1405 1418 .

691 1504 843 1591 §.304

645 1653 888 1728 colonorum.

267 1799 393 1874 Coloni
423 1799 465 1874 ab
506 1825 547 1874 ea
575 1803 691 1876 ubivis
731 1804 902 1875 servitute
940 1807 1136 1896 generatim
1167 1806 1236 1874 orti
1266 1813 1360 1897 sunt,

165 1924 279 1996 quam,
297 1907 395 1994 genti
412 1902 618 1992 bellicosae,
637 1915 673 1975 et
690 1907 794 1974 armis
812 1904 951 1974 validae
969 1905 1169 1976 resistendo
1189 1908 1355 1997 impares,

163 2006 346 2096 suscipere
376 2011 434 2073 aut
462 2003 697 2095 cogebantur,
726 2013 785 2073 aut
813 2003 1007 2074 consultius
1039 2004 1118 2073 iore
1141 2005 1352 2093 judicarunt.

163 2103 316 2174 Pronum
333 2101 414 2174 hinc
430 2114 518 2192 erat,
537 2105 636 2193 cujus
654 2105 708 2172 rei
718 2105 931 2174 mentionem
948 2105 1021 2192 jam
1041 2102 1201 2193 fecimus,
1220 2115 1257 2174 ut
1273 2111 1355 2177 vic-

163 2213 261 2276 tores
287 2213 421 2298 partem
445 2215 638 2300 occupatae
668 2204 860 2295 Regionis,
887 2212 1060 2298 tamquam
1090 2209 1144 2275 rei
1175 2209 1354 2300 propriae,

162 2307 230 2400 ipsi
248 2305 338 2376 ultra
354 2309 561 2396 retinerent,
588 2329 670 2377 rura
685 2305 820 2400 reliqua
841 2305 989 2378 devictis
1008 2329 1094 2398 erga
1114 2309 1353 2397 servitiorum,

162 2407 390 2500 laborumque
419 2412 538 2480 varias
566 2412 705 2502 species
727 2407 941 2501 percolenda
962 2409 1209 2480 concederent.
1238 2409 1359 2480 Fuerit

162 2513 279 2604 itaque
305 2512 342 2580 in
359 2508 537 2602 Huugaria
561 2530 701 2608 quoque
722 2508 807 2581 dura
828 2508 892 2580 sub
911 2512 1045 2597 initum,
1074 2531 1116 2580 ac
1142 2510 1199 2580 diu
1217 2519 1357 2605 postea,

162 2620 200 2682 ut
232 2613 381 2684 retrusis
414 2613 457 2682 iis
492 2610 622 2684 seculis
658 2608 759 2698 alibi,
795 2612 1028 2684 ruricolarum
1058 2615 1238 2700 servitus,
1273 2634 1357 2683 mox

163 2721 327 2803 attamen,
348 2720 453 2806 atque
479 2713 647 2803 lllajores¹
664 2715 780 2784 nostri
805 2710 907 2782 fidem
925 2709 1053 2786 Christi
1073 2715 1202 2786 sectari
1221 2735 1358 2808 coepe-

166 2823 263 2903 rant,
291 2817 521 2910 emancipatio
541 2837 606 2909 per
625 2817 791 2910 pietatem
807 2817 1006 2910 cumprimis
1027 2815 1187 2889 divorum
1206 2816 1357 2908 Regum,

162 2939 296 3014 perque
315 2916 476 2990 favorem
499 2918 619 3010 legum
644 2926 836 2989 consecuta
865 2915 930 2988 fuit
947 2911 1009 3018 ἥ),
1037 2941 1153 3012 poena
1182 2917 1355 2991 adversus

161 3020 242 3096 illos
264 3021 420 3109 sancita,
450 3023 508 3113 qui
531 3021 766 3092 manumissos
786 3022 821 3090 in
852 3022 1059 3094 servitutem
1079 3021 1282 3124 redigerent
1313 3014 1353 3120 l.

203 3139 243 3226 *)
267 3139 441 3205 Confestim
470 3143 529 3205 sub
556 3143 657 3222 primo
688 3143 818 3204 Illorum
848 3145 1004 3205 decretum
1034 3141 1159 3203 invenio
1191 3142 1244 3218 „si
1274 3142 1355 3220 quis,

246 3227 484 3305 „misericordia
514 3230 642 3306 (luctus,
665 3229 814 3308 proprios
847 3246 977 3302 servos,
1002 3235 1032 3288 et
1061 3225 1189 3287 ancillas
1213 3225 1354 3288 libertate

246 3313 431 3391 „donaverit
453 3331 522 3388 cum
544 3313 741 3392 testimonio,
770 3320 805 3377 ut
833 3320 906 3394 poet
929 3313 1045 3376 obitum
1069 3309 1139 3395 ejus
1162 3331 1269 3390 nemo,
1299 3312 1355 3378 in-

245 3399 351 3477 „vidiu
374 3405 484 3477 tactus,
507 3398 540 3460 iu
564 3400 745 3462 servitutem
768 3417 823 3462 eos
846 3400 958 3462 audeat
980 3399 1167 3476 intiuoere.“¹

707 3583 715 3602 .
744 3533 830 3606 305.

514 3534 703 3731 Dionea}
723 3657 816 3730 oleta
837 3656 993 3730 Classes.

260 3806 460 3880 Recurruut
490 3813 700 3900 praeterea,
729 3805 932 3900 etquidem
957 3806 1030 3894 Jam
1057 3803 1176 3876 ultima
1205 3802 1354 3893 Ducum,

158 3913 262 4003 atque
283 3907 374 3982 hanc
394 3911 585 4003 evestigio
607 3907 846 4002 subsequente
859 3906 996 4000 Regum
1015 3915 1219 3980 nostrorum
1237 3914 1354 3976 aetate

156 4017 264 4079 -ut
293 4009 480 4082 innuebam
503 4049 555 4061 —-
583 4008 726 4082 liberi
760 4009 1005 4104 hospites,
1033 4009 1183 4102 quiin
1210 4009 1353 4078 terris

156 4106 380 4183 laborant
406 4111 616 4184 aliorum.
645 4109 859 4208 Multiplices
887 4113 971 4188 item
995 4107 1189 4184 liberorum
1218 4115 1353 4186 servo·-

162 4256 362 4274 Ἥ.-

184 4317 209 4385 ·)
226 4322 256 4376 S.
277 4323 372 4392 Stcpb.
390 4325 429 4380 D.
446 4325 477 4382 la
494 4326 520 4384 2·
540 4325 569 4380 0.
587 4326 632 4382 86.

1058 4453 1155 4553 14⁴!
