3094 4868
1277 240 1346 327 191
1370 285 1372 290 ,

148 403 349 500 subjectum
369 401 566 498 Maiestatis
586 406 622 482 in
639 407 709 482 hoo
726 406 852 502 Regno
871 411 945 482 non
963 427 1047 488 esso
1061 423 1168 480 ‘unam
1182 409 1367 507 Aposto-·

149 510 209 582 lici
234 509 344 602 Regis
363 532 566 605 personam,
594 512 658 586 sod
673 503 806 606 'corpus
826 509 984 584 Statuum
1001 510 1094 604 Regi
1112 517 1176 584 suo
1204 519 1349 612 unitum,

149 634 274 685 eormn
292 615 405 700 item,
429 616 488 708 qui
512 613 689 707 negabant
712 614 865 708 Principi
893 635 1061 687 summum
1085 612 1272 709 Imperium
1303 639 1350 690 ex

151 722 211 804 eo',
238 714 333 809 quod
350 718 387 786 in
404 713 472 788 hoc
492 716 693 804 exercendo
714 717 894 810 speciatim
922 718 1035 789 relate
1063 715 1106 789 ad
1123 716 1225 810 leges
1256 740 1349 790 cou-

153 816 285 890 dendas
304 819 550 910 restringatur.
580 816 693 902 Causa
713 818 845 890 erroris
876 828 954 906 est,
993 815 1089 912 quod
1114 818 1301 913 imperium
1329 843 1350 895 a

151 919 258 991 modo
279 917 364 990 illud
382 919 574 993 exercendi
595 943 667 992 uon
685 925 752 993 rite
764 919 1000 1008 distinxerint,
1017 928 1124 1014 atquo
1143 913 1349 995 summum

152 1020 339 1114 Imperium
358 1043 436 1093 oum
458 1021 673 1096 absoluto
701 1045 776 1094 rem
796 1019 943 1094 eandem
962 1022 1218 1111 existimarent,
1244 1024 1350 1095 inde·-

154 1144 222 1217 quo
242 1123 424 1217 sequelam
450 1123 695 1213 formaverint,
730 1119 918 1220 Imperium
950 1145 1117 1200 summum
1151 1123 1240 1218 apud
1271 1147 1350 1197 eum

152 1246 225 1298 non
243 1245 340 1314 esse,
368 1229 426 1319 qui
444 1229 566 1320 nequit
583 1225 618 1297 id
640 1230 736 1301 omni
764 1250 811 1300 ex
838 1235 939 1320 parte
967 1228 1045 1297 sine
1071 1226 1229 1324 statuum
1257 1223 1350 1304 con-

153 1349 263 1400 sensu
282 1348 466 1400 exercere.
496 1328 598 1414 Quot
626 1331 768 1420 omnino
799 1328 926 1401 falsum
960 1348 1066 1419 esse,
1103 1330 1172 1401 viri
1208 1330 1349 1414 classici

153 1432 299 1523 egregie
319 1431 549 1504 ostenderunt
579 1431 625 1520 ¹).
829 1431 832 1438 '

277 1709 360 1779 Noc
387 1705 494 1800 quod
512 1711 687 1797 positivis
712 1709 838 1798 Regni
862 1705 1005 1796 legibus
1035 1705 1230 1797 obligetur.

246 1829 363 1902 Nihilo
376 1833 520 1920 majoris
533 1833 701 1926 ponderls
712 1842 779 1920 est,
794 1831 886 1924 quod
896 1831 1021 1902 dicitur
1031 1857 1039 1901 ε
1049 1832 1184 1924 Regem
1192 1843 1350 1905 nostrum

154 1936 317 2030 positivis
329 1932 445 2023 Regni
462 1932 599 2023 legibus
620 1932 781 2024 obligari,
800 1931 971 2024 siquiiem
983 1930 1150 2022 obIIgatio
1171 1925 1350 2006 haeo'non

153 2034 315 2106 absolute
333 2032 414 2104 indo
435 2032 739 2126 solum'procedit,
764 2031 858 2126 quod
877 2031 1082 2124 Regnatrici
1101 2044 1271 2126 augustae
1290 2034 1307 2105 f
1327 2073 1350 2088 -

131 2137 269 2208 miliae
297 2133 436 2208 Summa
459 2145 617 2231 potestas
638 2157 679 2206 ea
707 2129 908 2206 conditione
934 2132 1068 2223 delata,
1097 2133 1348 2230 acceptataquo

153 2237 273 2330 fuerit,
300 2248 338 2310 ut
363 2237 443 2308 Rex
462 2240 595 2332 ipsein
614 2236 708 2310 aditu
725 2237 907 2328 regiminis
926 2234 1113 2333 spondeat,
1140 2237 1196 2310 Se
1221 2239 1349 2330 leges

152 2338 424 2436 tamIpsum
459 2338 663 2434 henigne
701 2338 1074 2427 observaturum,
1119 2361 1243 2436 quam
1269 2362 1350 2435 per

153 2441 283 2514 alios
311 2441 569 2514 observari
595 2441 840 2525 lecturum.
861 2439 983 2510 Utrum
1002 2461 1135 2534 quaero
1156 2440 1350 2536 obligatio-

151 2565 218 2614 nes
237 2542 340 2632 hujus
368 2546 525 2634 generis,
554 2565 643 2636 quae
663 2565 683 2612 a
702 2553 819 2613 mutua
839 2543 1090 2630 conventione,
1121 2541 1231 2614 libere
1252 2547 1348 2633 inita,

155 2644 325 2733 obtinent,
352 2644 463 2736 Regis
485 2643 793 2737 independentiae,
819 2643 1069 2737 Majestatique
1094 2643 1174 2739 plus
1194 2645 1350 2717 ollioiunt

153 2767 256 2840 quam
273 2744 387 2841 pacta,
418 2757 453 2818 et
472 2745 633 2837 foedera,
654 2768 743 2841 quae
762 2749 856 2817 inter
874 2743 1009 2816 liberas
1029 2756 1065 2816 et
1084 2749 1139 2817 sui
1154 2744 1349 2835 jurisGen-

155 2857 209 2920 tes
227 2847 437 2943 ¹frequenter
454 2852 631 2939 ineuntur,
649 2848 799 2921 naturali
809 2851 955 2922 istarum
975 2846 1104 2920 obsunt
1118 2846 1272 2922 libertati
1302 2847 1348 2936 b).

192 3235 268 3317 De
313 3234 534 3340 publica
585 3233 767 3348 Regni
822 3231 1339 3352 Administratione..

639 3388 800 3473 capuit
822 3387 883 3454 1.-
1108 3361 1112 3371 x

152 3501 208 3580 lio
233 3496 438 3603 pollicis
473 3495 700 3582 Institutis¹
730 3496 1003 3600 generatim,
1037 3497 1075 3580 iu
1101 3497 1261 3604 spacio
1297 3495 1348 3578 de

515 3597 984 3714 cancellariolulioa
1033 3711 1035 3719 Ι

670 3753 706 3838 R.
736 3754 821 3826 648.

267 3863 462 3950 Generalis
484 3883 649 3968 partitio
676 3876 1029 3952 Admiozttrotiooir
1052 3877 1238 3970 publicae.

248 4001 329 4077 Res
342 4002 542 4094 Hungariae
554 4001 706 4096 publica,
718 4003 818 4091 cujus
838 4024 1007 4075 summum
1017 4001 1203 4097 Imperium
1217 4004 1253 4072 in
1271 4021 1351 4088 ma-

156 4125 359 4138 ι--ῂ

70 4203 72 4208 -
182 4168 209 4233 ⁸)
227 4170 338 4222 Samuel
353 4174 517 4225 Puliendori
530 4175 562 4224 de
577 4175 636 4226 Jur.
655 4175 715 4226 Nat.
743 4179 770 4225 ct
789 4174 870 4226 Geni.
898 4176 926 4226 Ia.
946 4174 1006 4226 Vll.
1027 4175 1057 4224 C.
1079 4175 1123 4224 Vl.
1151 4169 1173 4235 d.
1203 4174 1244 4224 10.
1275 4171 1350 4222 Addo

232 4239 1386 4309 mmmdssmbffimmehluffliddffimmwmfflwp·

233 4311 267 4360 du
286 4313 359 4362 droit
378 4313 509 4378 pellitque
528 4315 559 4366 Τ.
579 4316 598 4366 Ι.
618 4317 649 4366 P.
668 4317 688 4366 l.
708 4314 737 4367 C.
759 4314 817 4367 Vll.
836 4313 860 4380 §.
879 4311 921 4368 47.

181 4394 769 4466 RGmmhLRffidfflmmu
