3138 4858
197 233 273 328 aaa

197 421 275 474 rum
295 400 450 488 classes,
465 400 643 492 frequenti
661 399 898 486 advenarum,
917 399 954 470 in
973 397 1135 489 Regnum
1155 399 1395 490 commigran-

198 506 307 591 tium,
334 522 481 574 numero
505 508 653 589 auctae,
682 522 703 571 e
728 499 852 593 quibus
871 520 957 592 prae
988 503 1140 588 caeteris
1158 500 1395 572 memorabilis

199 603 317 676 fuerat
340 603 400 673 illa
420 599 739 674 Scultetorum
756 597 807 701 a),
829 599 992 674 Nondum
1015 603 1121 672 etiam
1138 600 1253 694 Stirps
1273 602 1396 696 Arpa-

201 705 303 780 diana
335 701 438 774 nobis
465 723 618 795 regnare
644 704 799 776 desierat
826 705 991 796 penitus,
1019 723 1123 794 quum
1156 713 1396 776 evanescente

202 809 334 882 sensim
368 803 547 877 invidioso
583 826 771 880 servorum
808 805 976 892 nomine,
1012 804 1118 898 inque
1156 803 1395 894 Restionem,

199 907 528 999 ,lobbagionumque
564 916 800 995 commutato,
842 903 954 977 libera
973 903 1119 978 subditis
1147 906 1320 998 migrandi
1337 905 1397 978 fa-

204 1006 317 1081 cultas
336 1017 457 1102 aperta
473 1007 538 1080 luit
556 1005 640 1102 ll);
669 1007 811 1079 ethaeo
829 1009 928 1102 ipsa,
957 1029 977 1078 a
997 1006 1137 1102 legibus
1154 1008 1235 1080 dein
1259 1012 1402 1102 saepius

206 1110 438 1181 corroborata
468 1107 522 1205 ¹),
547 1108 609 1183 vel
636 1109 679 1182 ad
702 1118 835 1180 certum
861 1117 999 1203 tempus
1030 1107 1170 1181 definita
1200 1104 1255 1208 ¹³),
1282 1110 1401 1182 iacul-

203 1221 259 1286 tas
299 1232 412 1303 usque
440 1213 537 1281 initia
573 1210 684 1284 seculi
721 1211 848 1282 decimi
882 1213 975 1283 sexti
1010 1211 1241 1305 perduravit,
1288 1211 1402 1283 donec

203 1335 331 1408 nempe
357 1313 402 1384 ob
421 1314 642 1386 notissimam
672 1313 901 1399 seditionem,
930 1311 1087 1408 Georgio
1120 1312 1218 1386 Dosa
1244 1322 1401 1405 auctore,

206 1419 406 1501 excitatam,
429 1413 574 1489 subditis
592 1417 871 1510 peneuniversis
890 1414 1122 1500 adimeretur,
1139 1414 1304 1489 voluerat
1320 1417 1402 1509 qui-

206 1517 285 1589 dem
303 1516 450 1587 eandem
468 1516 594 1586 altera
618 1517 760 1588 laudato
781 1516 881 1607 Rege
903 1516 1101 1612 Successor
1118 1516 1357 1588 Ferdinandus
1374 1516 1400 1586 l.

207 1621 313 1692 certis
337 1616 399 1689 sub
419 1615 677 1688 conditionibus
691 1619 912 1714 restitutam,
941 1640 984 1687 ao
1005 1617 1146 1688 modum
1163 1637 1305 1710 quoque
1329 1639 1403 1690 non

204 1720 406 1812 migrationi
426 1726 571 1805 tantum,
599 1739 723 1790 verum
745 1719 871 1805 etiam,
893 1721 951 1810 qui
977 1720 1013 1789 in
1043 1719 1234 1790 tractandis
1256 1717 1403 1791 subditis

205 1821 248 1894 ab
265 1820 368 1892 Heris
391 1821 465 1890 suis
493 1816 736 1891 observandus
756 1817 863 1905 foret,
892 1821 1051 1912 sortique
1071 1821 1211 1891 illorum
1232 1818 1404 1891 consule-

207 1931 275 2010 ret,
310 1941 383 1992 non
421 1941 513 2008 una,
550 1919 613 1992 sed
641 1919 878 2013 compluribus
910 1925 1051 1994 omnino
1083 1917 1114 2012 ο)
1151 1942 1228 1991 oum
1254 1940 1404 1994 assensu

207 2022 481 2122 Regnicolarum
511 2019 758 2095 Sanctionibus
789 2021 1121 2117 praescripsit***).
1148 2021 1200 2093 Eo
1230 2043 1301 2094 non
1335 2021 1404 2092 ob-

209 2133 324 2198 stante
342 2127 536 2218 permansit
559 2126 595 2194 in
611 2145 683 2195 non
702 2126 824 2217 paucis
845 2120 1074 2197 Comitatibus
1101 2123 1145 2194 ad
1168 2131 1318 2195 aetatem
1337 2144 1404 2195 us-

209 2250 278 2322 que
298 2225 446 2320 Josephi
462 2226 505 2296 ll.
527 2248 655 2316 magna
674 2245 757 2319 pars
779 2225 995 2297 subditorum
1010 2226 1135 2318 glebae
1156 2229 1204 2297 ita
1224 2226 1403 2316 adstricta,

209 2339 247 2398 ut
269 2328 311 2398 ab
332 2349 374 2397 ea
393 2329 565 2400 servitute
583 2328 713 2415 nullus,
727 2328 795 2397 nisi
812 2326 972 2418 volente,
996 2336 1032 2398 et
1050 2331 1313 2401 manumittente
1324 2328 1405 2399 Do-

209 2433 304 2500 mino
326 2427 469 2499 libcrari
487 2429 637 2501 valeret.

253 2527 291 2611 l⁵)
312 2527 413 2592 Erant
434 2527 490 2588 isti
513 2527 634 2607 origine
657 2524 764 2603 exteri,
789 2526 983 2607 peregrinam
1005 2527 1118 2591 banoce
1140 2531 1406 2612 compellationem

297 2615 483 2688 eductura,
513 2620 605 2692 atque
627 2620 747 2674 rectore
776 2631 835 2673 sno
858 2613 982 2688 sortiti,
1013 2615 1062 2676 oui
1086 2614 1167 2678 forte
1190 2635 1208 2678 a
1229 2620 1405 2698 germanico

297 2696 549 2780 „Qdyaltaiffl
572 2716 683 2761 nomen
707 2696 882 2760 Sculteti
904 2699 1055 2762 adbeesit.
1079 2701 1307 2766 Assumserunt
1331 2724 1405 2766 vero

296 2784 330 2844 bi
351 2785 489 2844 advenae
512 2791 613 2846 terras
643 2801 718 2864 erga
740 2782 984 2859 conventiones,
1013 2787 1139 2864 praevie
1170 2808 1239 2850 otum
1260 2790 1407 2852 Dominis

294 2867 498 2929 terrestribus
522 2868 635 2942 initas,
667 2867 757 2929 titulo
781 2869 911 2929 dominii
931 2869 1019 2931 utilis
1043 2873 1262 2952 percolendas;
1285 2877 1406 2958 gaude-

296 2953 370 3014 bant
391 2953 490 3014 variis
513 2953 682 3027 benefieiis,
705 2961 735 3014 et
755 2953 939 3015 Moderator
961 2958 1130 3020 eorundem
1152 2959 1239 3021 civili
1262 2961 1293 3022 in
1317 2961 1406 3041 ipsos

294 3035 527 3120 jurisdictione.
551 3039 715 3103 Caeterum
739 3058 757 3100 a
779 3039 888 3101 stricte
911 3041 1080 3104 servilibus
1097 3046 1202 3123 operis
1223 3046 1324 3125 liberi,
1339 3049 1407 3110 aa·

296 3124 388 3206 gibus
422 3124 643 3200 nibilominus,
686 3142 705 3184 a
739 3125 851 3204 quibus
885 3126 1005 3205 amplas
1039 3147 1189 3210 persaepe
1223 3131 1406 3214 largitiones

294 3210 377 3272 nacti
398 3218 483 3286 sunt,
504 3217 588 3272 certo
612 3230 714 3274 annuo
738 3211 855 3272 tributo
877 3213 1082 3276 communiter
1101 3216 1349 3282 obnoxiebantur
1363 3219 1407 3300 l).

233 3291 292 3377 Η)
316 3295 443 3358 Clarum
457 3297 487 3357 id
507 3296 648 3359 redditur
665 3315 700 3358 ox
719 3298 850 3374 quodam
874 3298 1014 3359 Andreae
1032 3299 1088 3363 111.
1113 3301 1241 3364 decreto
1256 3304 1300 3384 ⁶),
1315 3301 1407 3384 cujus

296 3387 354 3441 art.
379 3382 431 3443 to.
460 3381 596 3443 stabilit:
619 3389 675 3457 „ut
698 3380 827 3460 quilibet
850 3382 987 3444 rusticus
1018 3403 1073 3446 seu
1100 3381 1255 3467 dobbagio
1272 3384 1408 3467 alicujus

298 3463 448 3542 „nobilis,
471 3466 499 3527 si
512 3466 658 3541 voluerit,
681 3467 718 3527 de
739 3467 942 3545 possessione
954 3469 1079 3531 Domini
1101 3471 1163 3546 sui,
1184 3471 1289 3532 bebita
1307 3470 1407 3532 licen-

302 3549 378 3628 „tia,
401 3558 431 3611 et
450 3546 539 3633 justo
562 3571 597 3614 eo
619 3561 767 3614 consueto
790 3569 849 3614 sno
862 3554 997 3635 terragio
1017 3554 1190 3632 persoluto,
1212 3557 1251 3616 ad
1274 3573 1408 3634 posses-

297 3636 440 3712 „sionem
463 3636 594 3699 alterius
623 3637 767 3713 Nobilis,
800 3637 849 3698 vel
872 3637 970 3712 alias,
1004 3657 1064 3717 quo
1088 3639 1116 3700 ei
1138 3639 1309 3720 placuerit,
1339 3660 1408 3702 oum

298 3721 463 3864 „onnlnibpp
487 3721 556 3784 suis
579 3722 673 3786 rebus
696 3720 793 3785 libere
821 3741 855 3786 se
878 3742 972 3786 cause
1000 3723 1213 3786 commorandi
1235 3725 1408 3788 transferre

298 3823 361 3881 „va
374 3811 433 3869 eat.

209 3905 423 3924 -η-υ*

240 3935 269 4000 ·)
290 3933 367 3986 1105.
386 3935 420 3989 D.
437 3937 462 3990 1.
481 3943 531 3988 ert.
549 3939 575 3989 6.
595 3944 622 3988 et
641 3939 727 4002 ejusd.
747 3939 805 3992 deo
823 3939 865 3991 at.
884 3945 933 3994 ort.
953 3937 993 3992 at.
1013 3941 1054 3992 1t.
1073 3938 1317 3998 16.-1t³a.r.-'
1331 3943 1408 3998 etto.

292 4006 331 4055 15.
347 4033 378 4044 -
392 4003 470 4060 1471.
491 4009 533 4060 16.
552 4005 630 4059 1492.
647 4010 689 4062 93.
708 4015 736 4062 ot
754 4007 797 4062 94.

241 4071 368 4142 1³)1snr.
391 4073 430 4124 aa

241 4145 269 4212 e)
288 4139 366 4193 tata.
385 4141 418 4193 ab
435 4151 486 4196 art.
504 4147 544 4197 32.
564 4161 623 4212 usq.
643 4143 686 4200 lt.
705 4147 765 4198 dein
785 4149 863 4202 tata.
882 4149 924 4201 10.
944 4145 985 4200 tt.
1004 4145 1125 4212 allisque.

242 4213 272 4276 d)
293 4212 579 4332 ppppissobwartnerll
613 4220 689 4271 erud.
716 4219 866 4270 Commeat.
896 4221 929 4270 do
959 4218 1092 4270 scultetis
1122 4231 1178 4286 per.
1196 4220 1286 4286 Hung.
1312 4219 1409 4284 quoad.

244 4346 272 4413 ⁶)
291 4352 335 4404 Do
352 4365 423 4405 anno
438 4353 516 4410 taes.
530 4355 595 4410 etit.
618 4357 646 4409 ln
662 4333 840 4412 lioveobiobli
861 4357 949 4424 suppl.
968 4355 1277 4417 ed.Vest.0om.'l'.1.
1301 4359 1328 4428 pi
1345 4355 1407 4412 tet.
