3142 4862
1352 233 1375 306 t

69 456 71 460 .
169 387 336 481 niensis,
372 401 409 463 et
442 391 537 464 liud,
566 391 646 463 nih.
685 391 862 465 Gebhardi
894 391 937 464 de
968 397 1107 488 origine
1145 395 1374 474 nonianus

167 492 400 587 Hungar'ioae
432 504 514 566 sunt
533 498 786 582 commentati,
815 515 963 588 quorum
981 496 1041 567 ille
1072 500 1104 589 ⁶)
1126 498 1268 572 Geisam
1283 501 1374 574 ¹Ste-

168 593 284 689 phani
319 595 345 665 1.
375 597 512 667 Patrem
549 605 648 692 putat
688 595 854 687 suffragio
891 597 1037 690 populi,
1082 609 1118 670 et
1159 601 1299 674 Ottonis
1328 603 1372 675 11.

170 694 344 770 Caesaris
363 697 488 770 favore
508 717 676 770 summum
694 698 881 793 Imperium
908 711 1148 790 consecutum,
1166 702 1374 798 Rogemque

169 809 338 878 creatum
362 798 485 872 fuisse.
513 799 585 871 Iste
615 798 649 891 a)
679 809 892 895 potestatem
919 800 1077 894 Arpadi,
1114 825 1191 875 cum
1218 809 1372 877 caeteris

169 901 353 992 Vajuodis
384 905 421 972 in
448 902 585 996 reliquo
614 923 756 998 parem,
793 895 840 973 in'
864 901 1023 974 ducendo
1061 906 1174 977 solum
1212 912 1374 979 exercitu

168 1003 290 1076 fuisse
310 1007 530 1100 superiorem
549 1004 792 1077 contenderat.
819 1003 908 1076 Nam
931 1010 1126 1081 sententias
1144 1012 1232 1078 istas
1252 1008 1370 1080 histo-

167 1108 240 1179 rici
260 1109 383 1177 striate
403 1111 611 1199 argumenti,
622 1107 821 1179 refutarunt
829 1106 965 1178 abunde
974 1107 1133 1180 Joannes
1146 1108 1311 1182 Severini
1326 1113 1372 1202 ⁰),

169 1207 354 1302 Georgius
384 1208 628 1302 sigismundus
657 1210 777 1282 Lakits
808 1205 866 1301 ⁴¹),
893 1231 961 1281 noc
979 1233 1052 1283 non
1069 1211 1205 1283 Auctor
1222 1212 1373 1284 Disson-

168 1314 320 1384 tationis
347 1310 519 1384 historico
549 1315 714 1400 criticae,
742 1333 850 1406 super
877 1311 1081 1405 quibusdam
1099 1313 1374 1386 vestustioribus

167 1436 295 1486 rerum
312 1414 582 1509 hungaricarum
600 1412 773 1509 capitibus
806 1414 861 1503 ⁸),
889 1414 1018 1508 aliique
1043 1417 1252 1488 nostratium
1271 1438 1374 1512 quam

169 1517 327 1614 plurimi.

709 1689 746 1777 a.
774 1625 852 1762 xn.
954 1749 957 1758 ⁴

415 1843 520 1914 larsa
545 1840 774 1933 prudentiae
794 1839 973 1930 publicae
999 1843 1130 1913 Notio.

280 1989 413 2062 Notitia
450 1988 583 2078 Legum
611 1986 827 2081 publicarum
862 2008 932 2056 nec
957 1988 1139 2080 vulgaris,
1175 2013 1243 2063 nec
1277 2013 1374 2064 more

171 2093 372 2178 historica,
400 2089 477 2161 solo
515 2088 683 2160 duntaxat
717 2107 783 2158 usu
820 2096 1040 2180 comparata,
1069 2090 1134 2160 sed
1170 2115 1217 2163 ex
1244 2097 1376 2185 genui-

172 2195 234 2266 nis
269 2194 473 2287 principiis,
502 2190 629 2285 quibus
662 2192 742 2276 vis,
772 2211 814 2258 ac
840 2197 1000 2281 potestas
1038 2188 1130 2282 legis
1160 2198 1373 2284 continetur,

172 2299 245 2366 rite
282 2293 452 2383 deducta,
480 2294 661 2364 constituit
690 2289 880 2364 scientiam
916 2289 1011 2362 Juris
1046 2291 1198 2385 publici3
1227 2317 1317 2388 quae
1346 2298 1377 2368 si

175 2398 368 2487 conjuncta
386 2405 442 2466 est
460 2417 537 2465 eum
556 2392 673 2464 habitu
691 2391 776 2464 illud
794 2391 838 2462 ad
859 2412 976 2483 casus,
995 2402 1030 2463 et
1042 2402 1184 2488 species
1203 2397 1239 2467 in
1248 2397 1375 2490 Regno

109 2580 111 2585 y
176 2507 409 2570 occurrentes
435 2495 627 2592 prudenter
656 2493 875 2589 applicandi,
915 2494 1198 2589 Jurisprndentia
1233 2498 1373 2593 publica

160 2600 308 2671 evadit.
338 2596 502 2672 Continet
521 2601 639 2692 itaque
659 2595 843 2684 theoriam,
871 2619 913 2668 ac
936 2602 1102 2691 praxim,
1130 2610 1169 2672 ut
1186 2605 1279 2671 enim
1297 2599 1369 2690 illa,

176 2705 248 2772 nisi
267 2699 310 2772 ad
328 2721 429 2773 usum
448 2699 588 2772 civilem
605 2708 799 2785 revocata,
825 2696 904 2770 fere
933 2703 1060 2790 otiosa,
1080 2701 1253 2775 interdum
1271 2703 1374 2796 peri·
1455 2725 1463 2730 ·

178 2802 303 2873 culosa
331 2803 390 2892 fit3
417 2804 465 2872 ita
493 2800 583 2873 haec
608 2800 701 2873 illius
724 2800 904 2896 praesidio
936 2800 1125 2894 destituta,
1153 2802 1287 2876 lubrica
1306 2807 1374 2876 orit

177 2925 343 3001 semper,
371 2915 407 2978 et
425 2925 568 3000 anceps.

588 3209 590 3211 ,
697 3108 734 3194 s·
762 3105 857 3202 mn.
985 3069 987 3072 ’

470 3261 565 3350 Ejtra
592 3258 744 3364 utilitas,
773 3272 811 3330 at
829 3263 1081 3348 praestantia.

280 3408 440 3504 Adparet
465 3408 527 3478 vel
554 3429 601 3476 ex
628 3411 695 3493 iis,
726 3428 815 3499 quae
845 3404 995 3478 huodum
1025 3407 1116 3478 diota
1145 3417 1245 3494 sunt,
1273 3427 1377 3502 quam

90 3535 93 3543 ·
178 3505 331 3607 perutile
349 3510 410 3582 vel
429 3508 511 3580 olim
529 3506 648 3593 fuerit,
670 3518 774 3600 atquc
794 3509 899 3577 etiam
916 3507 1020 3576 modo
1040 3507 1099 3576 fiat
1116 3512 1195 3580 viro
1208 3507 1375 3600 Hungaro

178 3613 265 3684 Jura
285 3612 407 3685 Gentis
438 3631 547 3698 suae,
575 3605 691 3703 qualia
721 3607 811 3678 haec
838 3608 931 3677 omni
951 3614 1066 3676 aetate
1084 3609 1278 3700 viguerint,
1306 3630 1377 3699 ge-

178 3718 287 3786 nuine
314 3734 447 3802 nosse,
480 3732 597 3806 neque
634 3732 786 3783 erronee
821 3711 983 3797 versari,
1022 3717 1081 3812 aut
1110 3709 1316 3804 ignoranter
1343 3712 1378 3780 in

181 3819 351 3906 seientia,
380 3837 470 3909 quae
488 3814 574 3884 Jura
592 3812 786 3910 Principis,
813 3834 855 3882 ao
881 3809 1106 3886 Subditorum
1133 3821 1253 3884 mutua
1272 3811 1380 3883 enhi-

166 3918 263 4008 -bet,
292 3917 508 4011 formamque
543 3915 766 4010 Regiminis,
802 3913 1004 4010 limitesque
1043 3919 1156 3990 omnis
1192 3917 1379 4017 potestatis

211 4109 235 4168 ι1
254 4113 347 4168 Hunc.
367 4111 418 4162 sub
438 4111 524 4164 Goion
542 4115 596 4164 ΑΜ
611 4113 687 4166 1769.
708 4113 772 4162 edit.

210 4181 239 4240 1²)
258 4177 386 4246 datdtdtc
403 4181 444 4234 tes
463 4179 559 4248 dotatas
577 4181 686 4248 linguan,
707 4182 834 4232 editionis
853 4195 928 4233 meaa
947 4195 1008 4250 pag.
1026 4185 1087 4236 378.

212 4252 238 4310 0)
257 4253 286 4301 ln
305 4252 423 4300 Pannoo.
442 4258 527 4302 veter.
547 4267 663 4302 monum.
686 4252 769 4304 ditarat
790 4254 921 4304 n.10.c.
941 4255 964 4304 6.
985 4270 1010 4320 p.
1029 4256 1090 4306 373.
1109 4259 1138 4304 ct
1157 4265 1215 4318 seq.
1324 4313 1326 4316 ,

212 4321 239 4374 dt
258 4321 299 4370 De
318 4321 424 4370 haered.
444 4323 554 4374 soccod.
572 4325 641 4373 ture
659 4325 768 4375 Ducum
787 4322 883 4388 primo,
902 4323 988 4378 deind.
1007 4327 1074 4394 fleg.
1092 4321 1120 4376 in
1138 4321 1266 4393 Hungc,
1284 4323 1309 4378 1.
1320 4316 1342 4390 1.
1353 4323 1379 4378 ³.

213 4388 648 4456 ⁰)Posontiedttdnn01833·
668 4407 694 4461 ρ.
714 4395 756 4450 16.
774 4398 802 4448 ct
823 4405 881 4459 seq.
953 4433 958 4442 .
999 4422 1001 4425 -
