3158 4864
1302 247 1381 324 ’200

186 415 286 488 diciis
306 411 441 490 subsint
459 417 578 509 iniis,
597 439 687 514 quae
704 416 896 516 praedialis
915 415 1037 490 eorum
1051 420 1152 509 jura,
1180 413 1383 518 fundosque

185 519 344 591 attinent.
593 553 597 557 ·

736 723 743 740 .
774 671 859 744 300.

328 792 552 866 Praedlulec
570 670 781 886 ampula
799 792 1044 886 appellantur
1061 792 1229 866 Nobiles.

285 913 515 1010 Exploratum
532 915 672 1006 hinciit,
686 916 896 1012 quodpaulo
917 925 998 988 ante
1016 919 1245 989 memineram
1257 909 1381 1012 (296),

183 1015 432 1090 Praedialibus·
448 1011 626 1092 Nobilium
653 1040 828 1112 agnomen
852 1017 1027 1090 interdum
1054 1021 1159 1089 ctiam
1176 1020 1213 1089 in
1231 1017 1385 1090 Privilc-

185 1120 253 1210 giis
271 1121 358 1212 ipsis
377 1123 509 1194 tantum
537 1123 729 1216 improprie
748 1120 900 1208 attribui,
921 1123 980 1212 qui
998 1119 1241 1192 Jurisdicticni
1259 1116 1386 1192 Colla-

186 1223 275 1292 toris
302 1243 477 1315 nunquam
505 1245 578 1294 non
608 1222 775 1294 suberant
801 1219 868 1312 ⁴⁵),
897 1230 1088 1314 eapropter
1105 1222 1294 1293 verissime
1313 1220 1384 1291 ali-

187 1319 265 1392 cubi
283 1343 340 1394 me
357 1321 492 1415 legisse
509 1325 721 1395 reminiscor
751 1322 805 1418 ·),
832 1319 980 1392 Nobiles
998 1319 1382 1418 Archi-Episcopales,

185 1421 439 1517 Episcopalcs,
467 1425 673 1497 Abbatiales
701 1445 774 1496 non
802 1441 885 1495 esse
903 1422 1020 1513 Regni
1046 1415 1247 1514 Hungariae
1265 1421 1383 1494 Nobi-

186 1523 250 1595 les.
278 1523 544 1600 Advertendum
572 1535 759 1620 praeterea
787 1527 823 1595 in
850 1543 1032 1595 numerum
1061 1522 1295 1594 Praedialium
1314 1543 1386 1596 ne-

186 1627 337 1716 minem,
363 1630 432 1700 nisi
457 1649 523 1722 per
547 1627 775 1700 collationem
801 1623 1002 1715 hujusmodi
1030 1626 1170 1712 curiae,
1208 1626 1384 1719 cooptari,

187 1749 254 1798 nec
288 1726 431 1800 fundum
464 1729 636 1818 alterum,
664 1730 709 1799 ad
740 1725 938 1821 Ecclesiam
967 1734 1206 1821 spectantem,
1241 1733 1386 1820 praeter

187 1826 291 1918 hujus
327 1833 493 1920 generis,
530 1851 595 1923 pro
624 1830 779 1924 praediis
806 1827 977 1908 similibus
1010 1825 1052 1896 ab
1079 1828 1222 1920 antiquo
1249 1827 1387 1900 dicatos

187 1927 258 1999 hoo
287 1929 388 1999 titulo
422 1928 579 2000 conferri
605 1951 737 2022 posse,
766 1949 856 2022 quae
886 1927 1030 1997 defectu
1058 1936 1286 2018 emergente,
1327 1937 1387 1999 aut

186 2037 295 2098 notae
322 2032 492 2118 crimine,
518 2050 591 2100 non
622 2031 659 2102 in
681 2027 819 2120 Regni,
847 2025 912 2099 set
939 2024 1130 2098 Collatoris
1157 2026 1298 2100 Fiscum
1321 2051 1387 2100 re-

189 2128 318 2199 cidunt.
359 2127 367 2134 ’

231 2250 269 2332 1)
287 2249 444 2331 Exprimit
467 2253 546 2316 bauo
569 2252 775 2317 differentiam
794 2253 918 2335 egregie
935 2249 1076 2314 Matbiae
1093 2248 1224 2313 Corvini
1240 2249 1387 2330 Diploma

275 2337 312 2398 de
335 2333 536 2418 A01467.¹³)
559 2336 651 2420 cujus
675 2339 851 2418 ingressum
882 2345 1022 2418 repetere
1049 2334 1082 2396 in
1104 2354 1169 2398 ram
1193 2345 1388 2414 praesentem

275 2422 429 2484 subiiciett
453 2423 536 2500 „Pro
560 2431 647 2503 parte
671 2421 807 2484 lidelium
821 2425 1008 2485 Nostrorum
1019 2420 1229 2483 Praedialium
1247 2421 1385 2500 Episco-

275 2515 388 2586 ‚,patus
404 2507 627 2588 Zagrabiensis
643 2509 778 2570 Nostrae
795 2510 971 2588 expositum
988 2513 1036 2568 est
1052 2503 1214 2589 Majestati
1235 2526 1270 2567 eo
1284 2510 1387 2584 modo,

277 2592 432 2670 ‚,qualiter
455 2593 598 2654 videlieet
627 2593 690 2675 ipsi
719 2614 755 2656 ex
785 2595 912 2675 antiqua
941 2611 1049 2655 corum
1079 2593 1322 2666 consuetudine,
1351 2611 1387 2653 ac

274 2677 439 2754 ,‚indultis,
461 2687 490 2738 et
512 2677 769 2739 concessionibus
793 2680 937 2742 divorum
961 2678 1077 2756 Regum
1100 2675 1294 2758 Hungariae,
1316 2677 1388 2739 No-

275 2769 435 2835 „strorum
465 2763 608 2823 videlicet
641 2763 898 2842 antecessorum,
933 2779 1056 2839 semper
1085 2761 1118 2822 in
1147 2762 1249 2822 medio
1280 2780 1389 2822 eorum

276 2846 496 2921 „laudabiliter
512 2847 689 2908 observatis
712 2847 857 2910 urmnibus
871 2850 936 2911 iliis
953 2846 1161 2920 libertatibus,
1183 2853 1213 2906 et
1228 2844 1388 2908 Nobilium

277 2933 540 3012 ,praerogativis
564 2933 676 3012 quibus
699 2933 812 2996 casuri
833 2935 963 2998 Nobiles
991 2930 1223 3010 quomodolibet
1245 2939 1387 3008 utuntur,

277 3025 328 3092 „et
355 3020 507 3096 gaudent,
543 3017 627 3079 isto
662 3019 862 3081 duntaxat
896 3023 1086 3096 excepto,
1118 3016 1158 3078 in
1193 3024 1388 3095 quantum

277 3099 495 3177 „videlicet
517 3101 819 3165 durisdicticni
840 3101 1054 3167 Ecclesiae
1076 3100 1388 3182 Zagrabiensis,

278 3193 335 3262 „ct
367 3183 571 3266 Episcopo
604 3187 642 3249 in
677 3189 812 3249 eadem
844 3185 1053 3261 Ecclesia,
1094 3203 1166 3263 pro
1200 3191 1388 3263 temporo

278 3271 546 3347 „constituto,
570 3291 653 3335 cum
676 3267 848 3352 debitis,
871 3283 908 3335 et
930 3268 1148 3336 consuetis
1180 3269 1388 3349 servitiis,

279 3365 338 3430 „et
378 3355 612 3418 obedientis
653 3354 833 3440 subjecti
872 3359 1141 3432 haberentur,
1175 3355 1388 3434 usiluoruut,

216 3499 223 3508 .
278 3449 330 3515 „et
350 3440 455 3522 gavisi
476 3445 554 3503 etc.“

742 3628 750 3645 .
780 3575 865 3648 301.
917 3585 919 3590 ’

415 3704 474 3772 De
491 3699 653 3772 sedecim
678 3575 834 3790 Oplpidt's
851 3695 1170 3790 Scepusr'ense‘bua.

295 3823 420 3896 Restat
447 3824 601 3896 sedecim
631 3823 847 3916 Oppidorum
876 3821 1163 3917 Scepusiensium
1184 3818 1387 3906 Districtus,

196 3921 328 4015 dequo
350 3947 461 4018 pauca
479 3925 561 3996 loco
584 3924 732 3994 hicnon
752 3923 974 3995 incommodo
995 3922 1230 4016 proferemus.
1253 3919 1389 4013 Oppida

104 4111 107 4116 ¹
196 4022 333 4096 scilicet
352 4026 394 4096 ab
420 4028 526 4098 Anno
553 4028 661 4098 1775.
684 4025 861 4114 sedecim,
890 4034 993 4096 antea
1017 4045 1106 4098 vero
1130 4021 1298 4092 tredecim
1316 4043 1388 4091 nu-

194 4147 293 4196 mero
315 4126 577 4223 Scepusiensia,
602 4127 748 4200 Polonis
773 4149 838 4220 per
859 4125 1118 4220 sigismundum
1145 4121 1280 4214 Regem
1310 4129 1389 4192 tra-

224 4298 250 4358 1)
270 4301 301 4349 ln
321 4299 577 4350 animadversionib.
596 4299 629 4348 ad
645 4299 706 4348 due.
722 4296 795 4362 publ.
811 4297 901 4361 flung.
919 4309 943 4360 p.
958 4297 1018 4348 112.

223 4367 251 4430 ¹³)
271 4368 349 4421 Edtd.
362 4371 447 4434 integ.
463 4367 627 4420 Kerctreltcb
647 4367 676 4418 tn
689 4368 796 4419 Hister.
815 4365 924 4418 Euclea.
944 4363 1058 4430 zagrab.
1071 4364 1102 4414 P.
1116 4363 1137 4413 1.
1151 4361 1182 4415 0.
1200 4363 1226 4414 8.
1241 4373 1301 4428 pag.
1316 4357 1359 4412 ts.

1141 4433 1188 4506 14
