3144 4860
195 256 268 334 tos

191 424 392 498 inusitatum
409 423 475 496 luit
502 425 559 516 ·);
588 403 688 518 eujus
706 445 774 499 nec
792 425 919 498 desunt
935 423 1038 499 uobls
1057 422 1228 520 quaedam
1258 422 1386 500 dome·
1448 431 1452 437 ’

191 527 278 598 stica
297 547 436 622 quoque
456 525 617 621 exempla
646 525 694 615 l).

364 755 423 826 Be
448 753 616 826 Ducibus
645 652 949 827 otttb'rbzgtbbuae
973 758 1210 845 reqcotrteetr.

174 872 177 878 ’
287 873 375 947 'Non
402 895 506 948 secus
532 874 699 949 Familiae
734 878 946 969 regnatriois
974 875 1193 970 Principibus
1221 875 1388 949 masculis

192 980 303 1050 Ducis
323 978 442 1048 titulus
459 977 569 1070 longo
590 979 671 1049 olim
690 988 864 1074 tempore,
891 976 933 1048 ab
953 977 1079 1050 illustri
1108 978 1277 1050 nascendi
1296 1000 1388 1050 con-

194 1080 352 1167 ditione,
381 1081 458 1173 spei
484 1083 724 1153 successionis
762 1079 855 1151 baud
883 1102 976 1153 vane
1003 1100 1188 1168 connexa,
1222 1083 1388 1175 proprius

162 1262 165 1266 ,
194 1189 270 1253 erat
287 1177 343 1270 *),
372 1180 601 1276 ejusdemque
618 1183 808 1274 vestigium
838 1185 953 1254 statim
979 1185 1016 1253 in
1033 1181 1123 1253 Pilio
1151 1183 1252 1276 primi
1277 1183 1388 1275 Regis

193 1283 355 1354 Emerieo
383 1293 488 1354 vetus
514 1282 690 1355 indicabat
716 1284 870 1373 traditio,
900 1304 1002 1377 quem
1030 1283 1225 1355 lleroselits
1257 1284 1288 1374 ⁶)
1313 1285 1386 1374 jam

193 1383 262 1456 boe
281 1404 358 1453 cum
376 1385 494 1478 elogio
524 1385 750 1460 Sclaveniam
769 1408 788 1456 a
807 1395 907 1480 patre
918 1385 1180 1480 gubernandam
1192 1389 1389 1480 accepisse,

194 1485 258 1559 sed
283 1487 419 1558 incerto
452 1490 661 1581 suspicatur.
707 1485 845 1559 Curtius
871 1487 975 1559 illud:
1004 1487 1157 1559 inlausta
1177 1487 1344 1558 Andreae
1361 1487 1389 1558 l.
1463 1515 1465 1518 ·

195 1586 382 1680 exemplo,
411 1591 575 1681 qnoniam
600 1589 637 1658 id
661 1593 848 1660 maximam
875 1609 1052 1682 persaepe
1081 1608 1202 1658 ansam
1229 1590 1391 1659 internae

194 1686 452 1784 perturbationi
471 1687 628 1777 dederat,
656 1710 768 1782 usque
787 1688 1004 1760 Ludovicum
1022 1711 1185 1782 magnum
1202 1691 1239 1761 in
1256 1711 1391 1760 morem

195 1810 289 1886 pene
318 1789 487 1877 abluisse,
531 1799 570 1860 ut
614 1793 752 1883 quoties
792 1791 913 1884 plures
947 1791 1079 1883 Agnati
1105 1791 1210 1883 Regii
1244 1800 1389 1885 praesto

196 1892 327 1981 forent,
354 1912 444 1962 unus
462 1889 630 1984 pluresve
650 1902 781 1963 certam
800 1892 1015 1985 Hungariae,
1033 1892 1094 1964 vel
1111 1893 1388 1982 Provinciarum,

196 1993 240 2065 ad
268 1992 442 2066 Coronam
471 1996 724 2088 spectantium,
752 2004 887 2090 partem
915 1994 1026 2085 Regis
1056 1994 1258 2066 obtinerent
1293 1993 1391 2065 arbi-

193 2099 264 2168 trio
283 2093 345 2187 ’ἢ
366 2117 443 2166 oum
461 2103 639 2191 potestate
649 2095 762 2192 ampla
779 2096 931 2192 quidem,
951 2095 1130 2186 blajestati
1149 2096 1390 2168 attamcnlle-

197 2201 277 2293 giae
297 2195 534 2270 subordinata.

237 2321 276 2405 l)
288 2321 401 2382 Paucis
416 2319 583 2382 memnisse
593 2329 641 2382 sat
651 2320 755 2391 luerit,
768 2328 892 2400 praeter
905 2319 1068 2400 Principes
1083 2320 1200 2402 Regios
1214 2339 1392 2401 comparere

283 2407 361 2467 alios
385 2423 505 2485 quoque
529 2407 689 2486 Dynastas
722 2405 814 2486 (licet
842 2407 947 2467 rarius
978 2406 1010 2466 in
1034 2407 1264 2484 antiquioribus
1292 2409 1393 2468 docu-

281 2490 414 2572 mentis)
445 2491 627 2552 uominatim
661 2492 927 2554 Laurentium
960 2493 1005 2553 de
1034 2489 1391 2574 Ujlak,.loannem

282 2577 520 2653 Corvinum,
543 2584 573 2637 et
595 2577 668 2639 istis
684 2578 820 2658 priorem
843 2577 1101 2640 Theodorum
1122 2578 1392 2640 Kerietovies

279 2662 632 2726 ulunkttsiensem
655 2665 768 2743 partim
793 2665 890 2727 Ducis
913 2663 1149 2744 compellatione
1172 2663 1292 2739 solam,
1314 2683 1393 2742 per-

281 2749 336 2809 tim
359 2767 427 2810 eum
450 2749 676 2812 adnexasimul
698 2751 836 2832 integrae
859 2747 1020 2833 eujusdam
1038 2749 1222 2811 Provinciae
1238 2750 1394 2829 Superio-

279 2835 371 2896 ritate
401 2833 542 2914 insignes
557 2833 609 2917 d),
642 2837 878 2915 baronibusque
911 2835 1122 2897 nationalibus
1154 2838 1392 2910 adnumeratos3

282 2920 335 2998 qui
358 2921 430 2982 dum
454 2939 516 2981 una
537 2921 638 3000 Regni
660 2923 835 2983 Baronatus
858 2921 994 2982 bonores
1017 2928 1179 3000 gererent,
1201 2939 1393 3001 nequaquam

281 3017 383 3068 tamen
404 3013 572 3087 propterea
594 3005 743 3087 reliquos,
766 3006 862 3068 simili
886 3007 1035 3087 (lignitate
1062 3007 1268 3086 conspicuos,
1291 3005 1394 3069 antei-

280 3093 372 3169 bant,
396 3092 470 3172 quia
490 3093 595 3154 Duces
618 3093 829 3170 vocabantur3
859 3093 941 3174 quod
968 3091 1076 3154 itidem
1096 3092 1299 3172 diplomatica
1322 3111 1393 3156 mo-

280 3186 429 3240 numenta
452 3177 625 3257 perbibent.

217 3261 274 3344 ll)
297 3262 367 3326 Hoc
388 3261 471 3325 enim
494 3261 634 3342 exemplo
659 3259 784 3325 Geisam
806 3261 831 3322 l.
857 3282 875 3322 a
897 3261 1060 3324 Salamone
1081 3262 1166 3343 Rege
1181 3302 1221 3314 -
1238 3263 1395 3344 Lampet-

281 3356 387 3408 tuma
416 3346 567 3409 Ladislao
590 3368 673 3408 -e
703 3347 897 3410 colomanno
927 3346 1049 3411 Almam
1080 3381 1120 3396 -
1150 3349 1229 3411 alios
1264 3350 1394 3427 denique

282 3432 384 3494 Duces
407 3433 513 3514 regios
536 3435 627 3494 modo
651 3434 774 3494 tertiam
797 3433 979 3516 Hungariae
1002 3443 1133 3515 partem,
1155 3453 1235 3496 narnc
1256 3433 1394 3495 Provin-

281 3518 361 3580 ciam
379 3520 416 3580 ad
433 3518 573 3600 Regnum
595 3526 795 3598 spectantem,
815 3517 880 3603 jam
899 3521 940 3596 vi,
960 3518 1025 3602 jam
1042 3521 1122 3582 bona
1139 3519 1257 3598 Regum
1277 3517 1394 3579 volun-

281 3611 343 3664 tate
366 3604 475 3666 ordine
498 3604 563 3666 lere
586 3604 773 3681 obtinuisse,
795 3625 833 3666 ex
855 3605 1000 3668 Historia
1022 3604 1221 3666 notissimum
1237 3610 1284 3664 est
1297 3604 1347 3686 θ),
1362 3602 1395 3664 ia

281 3689 363 3769 quod
385 3689 522 3751 Patriam
545 3691 649 3752 decem
670 3691 898 3754 funestissimis
921 3690 1012 3754 bellis
1039 3687 1185 3750 civilibus
1207 3686 1352 3752 involvit.

224 3845 249 3955 ἰ)
270 3845 331 3896 vul.
345 3847 478 3928 Ducange
492 3845 519 3894 ln
532 3843 659 3898 Glossar.
675 3845 743 3898 med.
764 3852 792 3896 et
809 3845 855 3896 lul.
872 3845 956 3896 Latin.
979 3844 1012 3894 ad
1032 3856 1129 3894 vocem
1138 3845 1211 3964 pler,
1239 3851 1267 3897 et
1282 3846 1395 3914 Regina.

156 4037 158 4041 ,
226 3917 254 4050 „3
271 3915 1083 4052 Plalttlinstituistis·tillitus:¹¹·
1103 3916 1136 3965 ¹⁸
1155 3921 1203 3968 ‘⁰‘
1222 3918 1284 3970 ¹⁸⁶·

225 4055 252 4122 d)
271 4055 496 4114 visurusne.
514 4051 562 4104 Be'l
587 4051 614 4106 iu
633 4058 742 4109 Proles.
761 4057 794 4106 de
818 4055 897 4106 Almo
914 4059 1002 4114 Duce,
1027 4061 1055 4105 et
1072 4053 1167 4104 Duelli.
1186 4058 1277 4123 flung.
1297 4057 1395 4108 Tlmon

274 4126 302 4176 in
325 4127 417 4190 Hunp.
440 4138 504 4176 nov.
525 4125 555 4175 C.
573 4127 599 4176 8.
612 4129 767 4178 -Beuzur
785 4125 899 4190 (Euseb.
924 4121 1033 4187 Varini)
1057 4124 1208 4178 Commeat.
1229 4129 1262 4179 tle
1287 4128 1396 4180 haered,

273 4197 332 4246 Jur.
351 4198 430 4244 Dom.
450 4197 531 4246 Aust
551 4193 580 4244 (l.
600 4194 647 4247 lV.
665 4210 690 4261 p.
708 4197 751 4247 70.
1250 4223 1252 4227 v

226 4263 250 4327 ο)
269 4267 311 4315 De
329 4265 372 4315 bts
391 4264 489 4316 Duclb.
507 4263 569 4317 vul.
590 4263 691 4316 claron.
710 4266 848 4318 ulturum.
866 4264 896 4315 P.
914 4265 947 4314 11.
966 4263 995 4316 0.
1013 4260 1096 4319 42.-
1107 4263 1167 4317 Car.
1185 4266 1254 4318 nnn.
1272 4262 1329 4318 liei.
1348 4267 1394 4318 cit.

271 4335 393 4386 Prolust.
415 4333 517 4386 Euseb.
544 4334 640 4386 Verln.
665 4335 715 4399 op.
743 4341 771 4388 et
789 4336 841 4387 loc.
866 4335 911 4386 alt
931 4360 963 4373 -
980 4334 1064 4387 Micb.
1088 4332 1214 4388 Horvitb
1238 4337 1264 4387 ln
1288 4337 1395 4388 Stetist.

273 4404 342 4469 Rae.
361 4403 451 4471 fluog.
469 4405 498 4459 P.
517 4403 550 4458 ll.
571 4403 601 4459 0.
620 4405 645 4460 2.
664 4405 767 4458 Houor.
786 4435 821 4448 -
839 4404 961 4458 Nouotut
979 4406 1007 4458 lu
1025 4404 1200 4474 Sclagrapbla
1217 4407 1246 4462 P.
1263 4407 1318 4473 lp.
1333 4405 1395 4462 2³9.
