3144 4860
169 255 219 329 56

167 425 272 521 gibus
305 419 507 518 Rungariao
539 420 718 520 propriam
744 415 799 512 iJ.
836 418 984 508 Quoties
1010 417 1092 493 dein
1127 413 1214 490 iura
1239 414 1370 490 suain

168 529 379 621 Dalmatiam
397 526 640 619 sigismundus
670 525 728 614 ⁸),
755 523 905 596 biatbias
934 522 984 613 ¹’),
1002 523 1125 617 Reges
1150 521 1209 592 alii
1228 519 1370 612 allega-

171 630 283 704 runt?
328 630 487 716 Quantus
518 627 765 720 Hungarorum
800 648 873 698 non
909 628 1046 714 nrinus,
1074 646 1117 694 ac
1150 621 1371 695 Odrisiorum

172 733 318 825 sanguis
337 729 383 801 ob
402 729 576 818 ditiones,
604 727 647 800 ab
666 726 860 800 eorundem
877 729 1076 822 mancipatu
1093 722 1371 820 recuperandas,
1465 729 1468 736 '

171 831 471 933 profundebatur,
497 831 622 904 intuitu
648 851 794 925 quarum
818 826 1098 924 pacificationes,
1131 849 1210 898 cum
1228 845 1373 921 semper

173 937 218 1009 ad
236 945 355 1007 certos
373 933 542 1005 duntaxat
563 953 675 1004 annos
692 934 802 1004 initae
820 931 952 1003 fuerint
968 927 1058 1021 ⁸),
1086 933 1173 1002 satis
1203 927 1374 1018 indicant,
1502 1019 1505 1024 Ι

173 1037 231 1111 bis
249 1035 404 1110 evolutis
422 1034 486 1107 ius
504 1038 689 1131 pristinum
709 1033 927 1108 substitisse.

221 1183 262 1270 1)
287 1181 401 1258 Quales
435 1201 451 1243 e
483 1181 648 1262 pluribus:
689 1179 862 1256 Arbensis,
895 1177 1131 1254 Sibeuioensis,
1163 1175 1383 1256 Pristinensis,

266 1266 485 1333 Oorczolensis
509 1268 541 1329 iu
557 1267 711 1329 Dalmatia
725 1267 846 1328 Veneta
863 1274 960 1328 erant.
984 1264 1019 1324 ln
1039 1263 1278 1326 Ottourauorum
1297 1281 1382 1325 nuno

264 1361 418 1435 potestate
451 1353 667 1416 Drivestonsis
706 1349 921 1434 (Drivusto),
954 1350 1168 1412 Scuttarensis
1195 1347 1378 1432 (isoodar),

268 1440 450 1520 Scopiensis
473 1437 620 1521 (Uscup)
645 1447 702 1500 ete.
725 1447 782 1500 eto.
797 1437 829 1520 ο)

201 1548 259 1634 ⁸*)
282 1548 336 1612 Uti
368 1548 477 1609 missis
521 1547 733 1609 anterioribus
774 1546 833 1609 sub
876 1543 1036 1626 Leopoido
1070 1545 1095 1606 1.
1128 1543 1382 1608 Carloviouensis

270 1637 313 1698 ΑΘ
331 1633 438 1709 rose,
460 1634 499 1693 ad
521 1633 564 1694 25
580 1671 621 1682 -
639 1631 869 1711 belgradieusis
892 1651 967 1693 vero
998 1631 1058 1694 sub
1081 1629 1197 1695 carolo
1220 1630 1274 1690 Vl.
1299 1628 1384 1692 Gae-

270 1738 342 1780 sure
363 1718 406 1780 Αο
434 1715 539 1794 1739,
568 1718 608 1778 ad
630 1717 673 1780 27
696 1737 798 1780 runos
813 1714 1229 1800 duraturaecoaluarontt).
1252 1716 1337 1780 ldcur
1350 1715 1384 1778 iu

270 1821 347 1888 pace
369 1809 529 1884 postrema
550 1802 740 1867 Sistoviensi
761 1803 908 1866 obtinuit.

722 1961 760 2048 ς.
788 1961 849 2035 46.

334 2114 416 2186 Nec
440 2069 645 2204 quideme
666 2110 868 2195 delicium,
896 2124 934 2184 et
948 2109 1230 2186 Lodomeriuna

286 2260 369 2331 Pari
386 2261 584 2331 constantia
611 2259 734 2352 Reges
752 2261 866 2331 nostri
893 2268 1135 2332 sustentarunt
1151 2260 1236 2332 Jura
1254 2262 1290 2334 in
1311 2259 1389 2334 Ga-

186 2363 316 2450 liciam,
342 2360 610 2449 Lodomeriam,
636 2359 841 2432 Valacbiam
868 2362 974 2449 item,
1010 2383 1052 2432 ac
1078 2362 1292 2436 Moldaviam
1318 2364 1388 2434 ad-

187 2483 319 2539 versus
342 2461 521 2548 Polonos,
558 2465 617 2554 qui
641 2461 732 2532 baec
759 2461 921 2554 ambigua
947 2461 1098 2534 reddere
1125 2486 1198 2535 non
1216 2488 1286 2537 una
1304 2469 1388 2538 vioe

189 2563 445 2638 adnitebantur.
472 2562 612 2633 Doeent
629 2562 665 2633 id
683 2561 820 2634 abunde
837 2563 968 2657 longae
992 2563 1076 2634 illae
1095 2565 1388 2660 disceptationes,

189 2687 280 2762 quae
306 2664 465 2758 Regibus
494 2666 627 2736 nostris
653 2663 695 2734 ab
720 2672 837 2736 aetate
856 2665 1071 2757 sigismundi
1096 2665 1388 2760 frequentissime

189 2789 267 2839 curn
295 2765 452 2858 Regibus
470 2764 684 2836 Polonorum
701 2769 990 2838 intercesserant.
1019 2765 1279 2840 Obvertebatur
1306 2773 1391 2864 qui-

190 2869 269 2940 dem
288 2889 335 2938 ex
361 2877 462 2962 parte
488 2865 723 2956 Polonorum,
751 2889 892 2940 cessum
920 2866 1107 2962 aliquando
1135 2868 1249 2941 fuisse
1268 2870 1390 2966 quali-

190 2989 329 3064 cunque
355 2970 458 3039 etiam
487 2971 524 3039 in
547 2967 611 3039 bas
638 2967 847 3041 Provincias
875 2967 952 3039 duri
979 2972 1170 3041 occasione
1199 2971 1280 3061 illa,
1310 2971 1392 3042 dum

189 3070 239 3143 A⁰
273 3071 381 3143 1587.
417 3068 703 3159 Maximilianus,
729 3069 984 3158 Archi-Dux,
1019 3069 1197 3166 Rudolpbi
1224 3069 1392 3144 Caesaris

190 3171 338 3259 Frater,
366 3192 386 3240 a
411 3170 616 3266 quibusdam
646 3171 727 3242 Rex
743 3170 915 3241 Poloniae
941 3170 1162 3264 postulatus,
1190 3172 1272 3244 dein
1298 3194 1392 3246 vero

192 3271 237 3343 ab
256 3271 432 3344 adversae
450 3275 559 3365 partis
579 3270 729 3341 asseclis
757 3273 998 3364 interceptus,
1027 3271 1275 3368 detentusque,
1296 3276 1394 3345 omni

193 3371 238 3442 ad
257 3368 435 3441 Coronam
459 3370 630 3442 Poloniae
658 3371 772 3459 titulo,
794 3372 936 3465 jurique
962 3393 1028 3441 una
1047 3377 1259 3445 renunciare
1278 3397 1394 3448 coac-

143 3532 144 3535 ,
192 3481 249 3544 tus
269 3469 346 3559 fuit,
373 3493 475 3564 quam
501 3473 805 3543 renunciationem
832 3481 959 3567 postea
977 3470 1110 3544 Caesar
1137 3496 1278 3569 quoquc
1298 3498 1395 3548 con-

194 3571 356 3644 firmavit.
383 3572 517 3644 Verum
541 3575 659 3644 missis
686 3574 854 3666 reliquis,
883 3572 925 3643 ab
954 3575 1031 3644 aliis
1060 3574 1172 3646 solide
1200 3579 1236 3646 in
1256 3576 1395 3650 obver-

197 3695 273 3746 sum
303 3673 418 3743 allatis
449 3674 505 3762 ⁰),
533 3673 754 3767 respondere
780 3673 950 3745 subiciat:
989 3695 1056 3744 neo
1084 3674 1275 3748 Caesarem
1312 3678 1411 3756 Ru·,

198 3771 402 3868 dolpbuma
424 3770 563 3859 juribus
585 3772 751 3846 Coronae
767 3772 975 3870 recedere,
1001 3773 1110 3847 multo
1138 3780 1252 3852 minus
1271 3777 1396 3852 Maxi-

190 3914 398 3935 -ιι--ι--Ι

224 3986 251 4039 ¹i
270 3987 343 4047 Ρη]
358 3984 431 4035 Htst
447 3983 512 4045 neg.
529 3985 560 4034 r.
573 3985 598 4034 2.
612 3997 638 4047 p.
654 3986 717 4037 2⁶5.

224 4053 255 4114 1ι)
272 4053 354 4117 Diug.
368 4067 422 4102 rer.
437 4053 533 4104 Polou.
549 4055 578 4103 b.
598 4054 641 4104 1³.
660 4055 718 4106 (toi.
733 4049 796 4105 161.

190 4162 193 4169 -
226 4112 1023 4248 caesareenses

226 4191 255 4320 ἢ)
271 4207 349 4308 caini.
367 4259 460 4307 Patrne
479 4257 505 4307 in
524 4205 792 4321 alseertseop'peeur.
814 4257 855 4304 tit.
876 4259 904 4302 ot
922 4255 1005 4318 iusig.
1028 4257 1067 4306 Μ.
1087 4257 1192 4310 Mariae
1208 4261 1293 4312 Tber.
1323 4278 1348 4315 a.
1369 4279 1396 4330 p.

275 4321 757 4460 ἷῖηὓῦ.-αέῖὶιέὶοέξιῧῖἕὲῡἒιὶᾔηῖῴὲἱῠῖἰῖ
767 4323 829 4374 Hui.
851 4328 879 4373 et
897 4321 974 4374 viad.
993 4320 1106 4390 Rortdttf.
1119 4325 1239 4394 Uttfibt.
1254 4330 1297 4382 bet
1312 4329 1401 4400 ditdbie
