3094 4868
1284 186 1357 278 nae
1435 302 1437 305 ι

625 284 784 440 (imment
806 356 911 430 XX·

169 483 224 564 ite
250 481 447 602 reliquis,
476 481 542 587 put
567 492 828 592 supersunt,
856 487 1094 576 Reditttus
1120 493 1326 604 publiuls.

286 665 288 671 ’
683 641 719 726 §.
748 645 833 716 616.
1048 650 1050 654 ’

550 791 648 874 Faue
675 791 736 892 ael
760 793 980 865 evomentes.

257 933 354 1004 Ultra
373 933 439 1006 hos
457 956 476 1004 a
496 934 598 1006 nobis
616 936 761 1007 totidem
782 935 961 1034 Capitibus
988 923 1224 1033 pertractatos
1252 938 1354 1008 redi-

157 1045 252 1105 tuum
279 1035 495 1128 publicorum
516 1034 648 1124 fontes,
678 1037 736 1109 alii
760 1039 871 1109 adhue
890 1062 961 1110 nnn
991 1040 1200 1112 temnendae
1230 1043 1354 1112 eonsi-

159 1136 351 1208 deratiania
378 1147 573 1230 proventus
603 1144 741 1211 aerario
770 1145 870 1232 regin
910 1140 1049 1212 aliunde
1086 1140 1257 1212 aeeedunt
1284 1151 1353 1212 tam

156 1235 229 1326 suxi,
258 1261 360 1331 quam
390 1239 608 1311 eventuales.
653 1239 721 1321 Pro
758 1240 842 1314 lixis
870 1241 1061 1314 subsidium
1083 1241 1218 1329 babeo,
1258 1241 1353 1335 quad

155 1339 337 1411 Praelatos
373 1343 408 1410 in
443 1343 754 1412 conservationem
797 1346 1090 1420 munimentorum
1127 1340 1352 1435 suppeditare

155 1441 368 1529 dixeramus,
383 1441 496 1531 (563)
516 1452 701 1536 terramque
713 1443 938 1532 Judaeurum,
957 1467 1059 1538 quam
1078 1445 1353 1515 tolerantia-

154 1541 240 1612 lem
269 1553 411 1614 vocant.
438 1541 655 1615 Euentuales
674 1548 815 1616 nomino
836 1545 953 1616 Taxes
972 1546 1149 1639 reliquas,
1177 1566 1267 1637 quae
1286 1565 1351 1640 pro

154 1647 338 1738 impetrata
356 1643 562 1732 Nobilitate,
592 1645 739 1739 aliisque
757 1647 976 1739 privilegiis,
1005 1657 1076 1717 tum
1102 1668 1167 1742 pru
1195 1646 1352 1738 dignitu-

153 1744 258 1834 ribus,
286 1745 491 1835 honeribus,
520 1746 649 1836 titulis,
678 1757 782 1841 atque
813 1747 1070 1820 exemtionibus
1102 1745 1351 1834 desumuntur3

155 1845 281 1917 deinde
300 1851 449 1939 pretium
469 1868 533 1940 pre
560 1846 663 1918 bunis
699 1871 764 1942 per
792 1848 1017 1920 donationem
1055 1851 1197 1917 mixtam
1226 1851 1352 1940 aequi-

154 1949 232 2017 sitis
261 1946 491 2032 solvendum,
518 1958 590 2017 tum
626 1947 856 2036 eadueitates,
902 1959 938 2018 et
967 1948 1110 2019 diuersa
1146 1946 1351 2019 muletarum

54 2105 57 2113 .
154 2046 373 2141 corrupendia.
411 2045 472 2116 His
492 2045 606 2136 adjice
624 2057 759 2142 partem
781 2047 954 2119 Thesauri
972 2047 1117 2120 fortuito
1137 2051 1285 2137 inventi,
1315 2059 1351 2120 et

153 2147 344 2221 Lutteriam
362 2149 410 2218 ita
438 2147 564 2218 dietam
584 2146 820 2238 Genuensem,
848 2149 885 2221 iu
912 2149 1012 2240 eujus
1032 2152 1214 2243 utriusque
1245 2169 1349 2222 enno-

153 2247 311 2322 lumento
332 2251 506 2322 aerarium
525 2272 571 2321 ex
590 2271 657 2323 usu
682 2252 851 2344 persistit.

677 2400 712 2485 §.
742 2399 828 2473 617.
884 2455 887 2462 ,

299 2617 301 2622 .
390 2548 436 2617 In
462 2552 588 2636 specte
609 2567 706 2638 pare
733 2553 875 2619 invente·
901 2547 1104 2641 Thesauri

251 2693 314 2764 Jus
343 2692 380 2761 in
400 2690 621 2786 thesaurum,
644 2714 712 2785 quo
738 2693 880 2764 nomine
899 2687 958 2765 res
977 2695 1159 2787 pretiosa,
1181 2692 1224 2764 de
1244 2693 1344 2784 eujus

150 2792 301 2867 Domine
334 2791 426 2862 haud
452 2803 612 2882 cunstat,
641 2793 866 2886 designatur,
902 2816 1036 2888 negare
1073 2795 1212 2888 quidum
1239 2793 1345 2866 Fiseo

151 2896 353 2979 voluerunt,
382 2900 594 2989 praesertim
612 2898 693 2988 quia
712 2905 834 2991 aperta
852 2898 889 2967 in
911 2919 987 2982 rem
1014 2897 1075 2968 lex
1105 2896 1225 2968 defuit.
1273 2894 1345 2968 Sed

149 3017 235 3068 usus
256 2997 396 3067 omnino
418 3005 646 3087 pervetustus
670 3017 736 3089 pre
755 2997 860 3067 lisca
889 2996 1018 3068 decidit
1037 2994 1090 3084 ’⁹‘).
1119 2995 1224 3068 Mede
1247 3017 1266 3066 e
1286 2995 1344 3067 di-

150 3108 246 3168 serta
264 3097 457 3169 Therasiae
474 3097 657 3186 Augustae
678 3099 929 3166 constitutione
961 3097 992 3184 ³)
1012 3116 1094 3187 pars
1107 3098 1209 3167 tertia
1224 3095 1341 3185 Fisee,

14 3273 17 3279 ,
149 3199 307 3293 reliquae
325 3200 531 3284 inventori,¹
547 3207 583 3266 et
609 3195 708 3266 fundi
726 3196 876 3267 Domino
898 3193 1103 3269 obveniunt.

192 3319 232 3401 11)
255 3320 289 3380 ln
313 3319 463 3401 Regestrn
486 3341 580 3398 penes
605 3318 783 3400 Capitulum
809 3320 1176 3402 Magne-Varadinense
1200 3320 1238 3382 ub
1261 3339 1363 3381 anno·

239 3403 394 3467 111111
421 3405 512 3468 1235.
537 3407 568 3466 in
592 3408 674 3468 serie
699 3407 847 3480 deductu,
880 3408 960 3485 qund
994 3407 1052 3469 sub
1081 3405 1171 3467 titula
1207 3405 1343 3481 „Ritus

235 3490 510 3572 explorandae
548 3491 779 3552 Veritatis“
812 3490 1015 3572 innotatur),
1043 3488 1107 3573 jam
1139 3509 1175 3552 ee
1204 3500 1342 3569 ternpore

235 3578 349 3638 iures
373 3577 630 3657 pronunciantur,
653 3576 718 3655 qui
741 3574 997 3636 Thesaurum
1019 3577 1237 3638 inventurn
1260 3595 1341 3638 eum

234 3664 449 3738 deberent,
473 3663 671 3744 Reginam
694 3661 969 3725 indicassent.

678 3795 716 3882 §.
743 3797 827 3867 618.

536 3921 729 3994 Indr‘reeta
750 3918 962 4008 ’1117111111

248 4071 395 4143 Silentia
414 4092 633 4165 nequaquam
650 4066 753 4140 nobis
772 4064 1055 4161 praetereundae
1082 4074 1161 4138 sunt
1178 4063 1342 4158 complu-

142 4195 334 4212 m

176 4245 202 4302 ⁸)
222 4242 266 4291 dd.
285 4244 329 4292 27.
349 4241 471 4292 sannaus
492 4244 570 4296 1777.

175 4324 204 4390 ¹²)
223 4325 343 4380 Consule
362 4307 433 4390 bray
449 4327 521 4382 tht.
541 4329 609 4394 Res.
627 4322 706 4378 notit.
724 4321 768 4374 nul
785 4319 847 4374 seui
864 4317 896 4374 P.
912 4317 946 4374 ll.
965 4335 992 4392 p·
1011 4321 1071 4376 101.
1161 4374 1165 4384 ,
