3158 4864
1298 208 1374 296 ‘iii

176 395 302 454 munus
329 373 523 478 publicum,
551 382 646 480 quod
675 385 944 477 nanciscuntur,
971 385 1165 461 adesdum
1185 386 1375 464 distinctim

177 481 221 554 ob
243 487 366 556 merita
388 483 506 576 edicit,
524 485 606 559 dein
621 490 787 582 prosapia
807 489 930 580 gignit.
950 485 1004 560 llli
1022 487 1172 583 proinde
1193 490 1371 582 cilicio,

175 583 210 658 hi
233 608 400 680 genere
427 585 658 682 lllagnates
687 589 952 685 compellantur.
973 589 1124 666 Ratione
1145 593 1252 668 cilicii
1267 593 1375 688 idag-

174 697 290 778 nates,
319 686 457 762 scilicet
476 688 631 765 Comites
651 690 813 787 Supremi
835 687 1079 783 Comitatuum,
1108 717 1255 789 quorum
1278 717 1375 777 non·
1467 733 1471 742 ·

174 790 261 861 nulli
290 799 463 884 tamquam
490 797 676 888 perpetui,
704 803 762 866 aut
792 793 1017 866 haereditarii
1048 796 1254 889 dignitatem
1283 797 1375 868 hanc

177 911 263 963 suos
289 892 332 963 ad
350 901 517 988 posteros
537 895 761 985 derivarunt3
788 906 1015 992 utrorumque
1038 900 1190 989 interim,
1218 883 1373 973 mutuata

174 996 343 1065 avicinis
366 996 529 1096 Populis,
557 998 680 1072 eadem
701 1009 757 1071 est
785 1002 821 1070 in
850 999 966 1070 Patria
996 1010 1140 1093 nostra,
1168 1023 1259 1098 quae
1289 999 1372 1074 alibi

176 1093 361 1212 aliquando
383 1099 545 1172 similium
558 1095 729 1210 Comitum
749 1101 851 1194 origo
873 1099 948 1174 iuit.

693 1269 730 1355 §.
759 1269 844 1341 241.

577 1393 710 1484 Officio
737 1391 800 1465 ccl
818 1412 968 1484 ponere.

274 1537 400 1612 Adhuc
417 1537 509 1635 apud
524 1537 704 1614 Romanos
721 1561 798 1614 mos
816 1549 894 1613 erat
910 1539 954 1612 ad
972 1539 1179 1612 Provincias
1195 1535 1373 1631 regendas

175 1637 388 1716 Comites
415 1643 754 1736 provinciales
783 1642 961 1734 deligendi
991 1643 1048 1733 ⁸),
1076 1639 1157 1712 inde
1188 1637 1233 1711 ad
1255 1637 1373 1722 Fran-

174 1766 237 1821 ccs
268 1744 317 1835 ¹³),
344 1743 503 1838 aliasque
534 1755 661 1838 gentes
686 1744 890 1839 digressus,
918 1748 971 1817 sic
998 1741 1306 1838 postea'invaluit,
1333 1750 1373 1826 ut

174 1847 298 1918 seculo
317 1845 452 1916 decimo
480 1857 635 1920 exeunte
665 1846 790 1938 Regna
818 1867 883 1940 per
903 1855 1012 1917 totam
1037 1844 1115 1916 fere
1138 1844 1315 1938 Europam
1337 1845 1374 1914 in

175 1945 367 2020 Comitatus
398 1967 462 2018 seu
491 1947 607 2037 Pagos
635 1946 776 2036 (uuae)
804 1947 917 2018 divisa
945 1945 1071 2033 iuissa,
1096 1943 1294 2018 Maibouius
1326 1944 1372 2034 ⁰),

174 2046 357 2119 Clumerus
389 2043 436 2134 ἀ),
454 2045 662 2140 plurimique
679 2044 783 2116 idem
799 2045 940 2117 iaciant.
962 2045 1028 2130 Qui
1045 2045 1098 2116 his
1115 2048 1250 2117 vicaria
1266 2045 1373 2116 Prin-

174 2151 262 2241 cipis
290 2155 469 2241 potestate
500 2147 807 2242 praeficiebantur,
836 2145 1038 2221 Comites
1066 2145 1168 2234 dicti,
1194 2168 1267 2217 non
1299 2145 1372 2216 illio

173 2260 306 2321 tantum
325 2270 450 2320 munus
467 2246 601 2321 ludicis
626 2257 836 2338 exercuere,
861 2247 928 2320 sed
949 2252 1054 2320 etiam
1071 2245 1262 2341 populares
1284 2265 1371 2328 suos

173 2355 209 2424 in
230 2349 366 2439 Castra,
385 2361 422 2423 et
442 2350 579 2446 proelia
601 2350 831 2422 deducebant.
850 2349 920 2422 Ast
938 2351 1129 2422 inclinante
1149 2359 1231 2444 post
1253 2344 1375 2422 Caroli

173 2445 290 2546 magni
317 2463 477 2545 tempora
504 2450 699 2526 occidentis
720 2451 899 2545 Imperio,
928 2451 1079 2546 dignitas
1102 2447 1269 2525 horumce
1293 2446 1370 2521 Oo-

173 2558 292 2628 mitum
321 2556 453 2627 sensim
483 2553 527 2624 ad
556 2552 731 2627 haeredes
759 2555 959 2648 Principum
989 2557 1146 2648 ipsorum
1176 2571 1369 2641 consensu,

175 2677 238 2730 seu
266 2659 384 2750 potius
411 2657 617 2749 impotentia
651 2657 851 2744 transmitti,
879 2659 1026 2751 insuper
1052 2655 1205 2726 dominia
1235 2653 1370 2746 regalia

175 2757 366 2831 eorundem
385 2756 646 2833 liberalitatem
660 2757 802 2829 feudum
822 2755 963 2846 collata,
984 2755 1215 2829 comitatuum
1228 2754 1370 2828 nomine

172 2863 296 2932 venire
328 2861 373 2951 ⁶),
401 2861 548 2930 istorum
570 2858 721 2954 denique
741 2861 1002 2953 impetratores,
1031 2881 1073 2930 ac
1101 2858 1269 2954 deinceps
1290 2855 1371 2928 Do-

173 2963 257 3034 mini
282 2964 415 3055 pariter
441 2959 597 3032 Comites
626 2961 797 3057 appellari
824 2959 1081 3056 coeperuni*)·
1110 2960 1163 3033 lta
1191 2957 1286 3054 quod
1305 2958 1369 3030 sub

171 3065 306 3134 initium
321 3083 410 3157 pure
432 3061 545 3134 Oilicii
567 3084 695 3138 nomen
718 3061 847 3152 iuerat,
875 3062 919 3133 ad
938 3063 1234 3156 Dynascaseciam
1244 3071 1367 3133 usus-

171 3163 292 3255 latum,
320 3175 425 3259 atque
446 3167 590 3257 generis
610 3167 871 3259 praerogativis
894 3163 1156 3236 adnumeratum
1173 3161 1250 3234 luit.

215 3287 255 3373 l)
278 3287 484 3366 „Comites
506 3321 549 3335 -
572 3289 660 3349 dotet
683 3287 760 3352 scite
781 3287 980 3370 Piliieruss)
1004 3323 1045 3334 -
1073 3284 1263 3369 propriis
1286 3291 1369 3348 ter·

258 3370 452 3452 „ritoriis
485 3371 689 3451 praediti,
723 3375 838 3454 partim
872 3373 1044 3454 originario
1079 3371 1157 3435 tales
1191 3379 1282 3450 sunt,
1317 3369 1369 3453 qui

258 3457 469 3540 „comitatum
493 3458 673 3536 possident,
696 3455 788 3540 cujus
812 3459 972 3521 contraria
993 3479 1055 3520 non
1078 3464 1178 3520 exstat
1200 3457 1368 3531 memorium

183 3629 187 3634 ·
257 3545 393 3693 ”tssilt
410 3541 970 3710 limitelimitetitt
986 3540 1368 3711 titiii‘tiiiitt

256 3675 276 3709 ii

256 3715 456 3795 ‚,Nobilis,
488 3713 672 3778 Nobilitaiis
705 3713 824 3778 scilicet
846 3712 1039 3795 superioris,
1073 3711 1160 3776 nullo
1182 3727 1238 3775 nec
1259 3710 1369 3790 Ducis,

256 3820 334 3880 „nec
357 3799 492 3865 Comitia
524 3800 646 3879 officie,
679 3800 812 3865 ieudove
843 3801 1005 3884 insigniti,
1037 3802 1093 3864 scd
1123 3799 1239 3862 allodia
1259 3797 1369 3894 litera,

167 3910 362 3924 *-

198 3955 229 4091 3
246 3930 440 4081 ἕιᾱὶῑέιιιιέυε
454 3962 493 4080 'ad
511 3960 686 4083 Sparpiandop.
703 3958 745 4014 17.
761 3966 790 4015 et
806 3974 865 4028 seq.
884 3960 946 4014 dein
958 3957 1148 4026 mercamur..
1166 3956 1191 4010 1.
1205 3955 1284 4010 iorm.
1300 3955 1326 4009 8.

270 4043 303 4094 ap
327 4045 364 4085 u.
404 4043 471 4085 aro.
491 4045 562 4082 ma.
607 4067 614 4083 .
685 4066 692 4083 .

200 4095 227 4154 ⁰)
245 4101 287 4151 De
307 4101 390 4166 Pugio
404 4102 504 4152 saxon.
535 4045 553 4098 ε

201 4163 228 4230 ¹¹)
248 4169 376 4223 German.
396 4170 478 4236 antiq.
492 4172 523 4226 la.
536 4172 578 4223 10.
594 4184 619 4236 p.
633 4171 676 4222 91.
1180 4204 1184 4215 -

200 4236 225 4302 ⁸)
243 4240 303 4291 vid.
320 4241 406 4305 Capit.
422 4241 510 4293 Carol.
528 4240 674 4310 pulvilli.
691 4235 732 4290 lu
746 4237 1057 4290 et10.-·}liccensui
1072 4233 1183 4287 omnim
1201 4243 1297 4290 meret.
1309 4237 1368 4290 Du·

248 4323 333 4376 cange
352 4311 480 4364 Glossan
491 4312 562 4363 racd.
576 4315 605 4361 et
621 4309 667 4360 ini.
684 4309 758 4360 latin.
772 4309 804 4359 Τ.
819 4310 842 4360 1.
867 4319 928 4360 voc·
944 4306 1043 4363 Gemit.
1057 4305 1105 4358 Νι.
1123 4301 1151 4360 4·
1344 4325 1349 4338 ⁸

200 4375 228 4443 i)
248 4380 337 4432 Elem.
349 4382 410 4438 dur.
425 4381 488 4447 pub.
505 4382 599 4434 Germ.
619 4381 649 4434 ia
666 4383 691 4434 1.
703 4379 735 4432 0.
746 4375 812 4442 tei.
830 4380 873 4435 70.
885 4385 915 4433 ni
930 4389 990 4444 neq.
