3124 4868
1265 207 1336 282 105

139 383 176 448 et
219 373 337 470 quiete
373 373 466 448 domi
495 374 646 464 reddita,
692 375 840 451 liberius
869 374 1090 473 respirabat,
1136 378 1337 452 educationi

139 499 293 573 qnoque,
321 487 424 572 atque
445 479 659 551 Institutioni
677 479 837 576 publicae
864 477 1070 572 diligentior
1094 479 1207 553 adhuc
1227 503 1337 575 opera
1418 547 1420 552 .

139 584 265 652 navari
284 585 411 676 coepit.
436 579 610 674 Cogitate,
637 590 674 652 ut
691 583 902 676 prolixitatis
920 579 1085 656 vitandae
1104 588 1218 676 gratia
1236 579 1336 656 Leo-'-

138 681 237 778 poldi
254 683 281 754 Ι.
312 691 347 754 et
360 681 479 756 Caroli
491 685 550 756 Vl.
570 683 739 778 providas
768 688 804 757 in
820 707 896 757 rem
917 683 1171 780 dispositiones
1200 685 1336 776 sileam,

137 808 242 858 unam
259 796 456 879 augustam,
483 787 690 860 immortalis
708 792 899 860 memoriae
918 789 1078 881 Reginae
1093 788 1338 861 MariaeThe-

137 893 257 960 rosiae
274 889 556 984 providentiam,
584 911 652 984 qua
679 889 743 962 llla
771 892 1052 987 Tprnaviensem
1080 895 1227 986 primum
1245 889 1368 963 Uni--

136 994 343 1066 versitatem
360 991 506 1063 mirifice
537 994 655 1082 auxit,
684 1015 726 1063 ao
749 1014 841 1088 pene
872 1015 918 1065 ex
947 997 1087 1086 integro
1114 995 1335 1083 reformavit,

138 1116 224 1165 mox
243 1097 415 1166 sexennio
435 1095 569 1167 tardius
585 1093 718 1164 Budam
736 1095 925 1185 transtulit,
951 1096 1075 1191 amplis
1096 1100 1237 1172 ornavit
1254 1098 1336 1168 Pri-

136 1197 294 1289 vilegiis,
322 1206 357 1267 et
385 1206 455 1268 tam
473 1196 576 1286 hano,
604 1218 707 1290 quam
727 1198 814 1270 alias
834 1203 987 1294 quinque
1006 1197 1231 1288 Academias,
1250 1199 1335 1295 plu-

137 1303 224 1372 rima
244 1303 328 1370 item
353 1299 518 1373 diversae
544 1298 773 1392 cathegoriae
803 1301 1014 1396 Gymnasia,
1063 1310 1100 1372 et
1128 1300 1336 1391 Convictus,

137 1405 347 1499 praestituto
367 1403 527 1494 generali
545 1400 738 1474 studiorum
764 1413 970 1499 systemate,
999 1404 1249 1494 constabilivit,
1272 1426 1338 1475 or-

139 1505 283 1592 dinavit,
312 1503 457 1577 dotavit.
486 1504 646 1578 Abbatiis
671 1505 863 1595 nonnullis,
891 1518 927 1579 et
952 1509 1143 1602 praecipue
1170 1507 1274 1579 bonis
1293 1505 1337 1576 ad

139 1605 304 1678 abolitum
329 1608 476 1680 condam
504 1606 717 1680 Jcsnitarum
746 1609 911 1681 Ordinem
937 1609 1216 1703 pertinentibus,
1244 1608 1338 1681 Uni-

36 1715 38 1718 ⁴
137 1711 299 1780 versitati
326 1713 363 1782 in
390 1713 511 1808 specie
541 1709 678 1783 collatis
704 1713 852 1807 partim,
899 1713 1025 1808 partim
1058 1712 1196 1808 reliquo
1226 1710 1335 1784 fundo
1376 1717 1379 1727 ’

139 1812 310 1884 litterario
332 1812 424 1886 dotis
443 1809 543 1885 titulo
573 1813 734 1904 adjectis.

633 2055 637 2064 “
665 2048 707 2147 §ss
731 2065 817 2140 494.

442 2229 444 2234 ’
468 2234 642 2345 Liberali
666 2256 760 2308 curo
788 2251 997 2310 erexerant.

238 2408 428 2482 Historiam
446 2445 498 2461 -
515 2405 633 2480 fateor
658 2447 702 2467 -·
723 2431 814 2504 quae
830 2410 1098 2504 praemisimus,
1113 2407 1335 2498 contingunt

112 2515 248 2606 magis
266 2510 321 2600 l),
350 2510 505 2584 delibare
531 2519 648 2582 tamen
666 2513 734 2585 ista
760 2515 877 2585 visum
905 2511 983 2601 fuit,
1011 2520 1049 2582 ut
1066 2531 1238 2604 quaenam
1256 2509 1335 2580 Ro·-

138 2636 203 2708 ges
222 2622 387 2707 quantum
408 2612 451 2684 ad
477 2610 568 2684 hano
592 2613 754 2709 publicae
772 2612 1095 2686 Administrationis
1121 2621 1269 2707 partem,
1299 2619 1335 2681 et
1383 2647 1385 2654 ·

138 2725 210 2810 quo,
230 2717 311 2806 jure
331 2713 399 2788 sihi
417 2716 583 2787 continuo
610 2716 884 2805 vindicaverint,
912 2717 1006 2810 quod
1035 2716 1213 2788 illustrare
1242 2733 1334 2808 pro·

136 2823 213 2913 prio
231 2817 334 2910 hujus
351 2828 497 2892 nostrae
528 2821 699 2892 scientiae
725 2827 800 2908 cst,
837 2819 971 2891 clarius
995 2818 1185 2913 adpareat;
1222 2825 1335 2888 restat

136 2922 318 2993 videamus
337 2923 454 3011 etiam,
483 2929 669 3014 quousque
693 2921 784 2994 hanc
809 2923 845 2993 in
866 2943 940 2993 rom
976 2922 1077 3013 leges
1103 2918 1310 3014 procedant.

181 3119 221 3204 *)
244 3118 382 3193 Initium,
405 3127 435 3182 ct
457 3138 660 3201 progressum
677 3120 724 3182 rei
748 3119 917 3182 litterariae
940 3121 1145 3200 inllungaria
1162 3119 1336 3202 synoptico,

222 3205 1336 3285 awmmmfflwmfflmwffimfflmffimffimt

222 3290 325 3374 neri)
349 3291 593 3372 descripserunt.
626 3291 844 3373 Descripsissc
877 3300 978 3354 autem
1014 3292 1094 3352 hunc
1128 3290 1334 3370 posteriorem

225 3377 293 3439 sinc
317 3377 401 3438 omni
424 3379 557 3456 partium
582 3378 698 3454 studio,
721 3398 782 3439 non
806 3377 894 3438 valeo
918 3379 1085 3442 affirmare.
1107 3377 1223 3439 Nullus
1242 3395 1335 3438 asse-

224 3481 303 3544 quor
333 3464 444 3538 etiam,
479 3465 551 3544 quid
584 3464 612 3524 is
647 3471 768 3524 caetera
801 3463 882 3524 inter
916 3463 977 3524 stti
1011 3463 1166 3538 deluerit,
1200 3465 1271 3524 dum
1303 3462 1335 3523 in

170 3618 171 3622 Ἰ
224 3549 475 3611 reformationem
500 3547 724 3611 Universitatis
747 3547 994 3630 Tyrnaviensis,
1017 3569 1035 3608 a
1056 3549 1159 3610 Maria
1182 3547 1337 3609 Therasia

117 3689 173 3712 Ι,
223 3631 1335 3715 ωωψωωπῶπωηῦπῢψωωήηωῶῴωκυὼωῦ

225 3721 360 3804 ἓὸοϊῇῴί
382 3719 433 3804 gel
463 3720 555 3802 adanu
577 3721 694 3782 scimus
719 3721 811 3795 enim,
834 3719 885 3800 qui
908 3728 986 3792 acta,
1009 3729 1039 3780 et
1062 3721 1245 3781 documenta
1265 3716 1334 3801 ejus

101 3818 105 3824 ·
223 3805 1334 3888 ωψΜεΜΜΜΛωωΜΜρὼωςώωήὼαᾱμώ-

222 3891 1335 3973 mmmmmmmfflmmfflmfflmmmmffimmm

223 3977 376 4041 solenniis
398 3981 490 4042 Anno
515 3975 609 4046 1772.
631 3979 754 4041 effectui
777 3978 873 4041 luerit
896 3981 1114 4061 mancipatum.

168 4269 197 4347 ‘l'
212 4288 274 4339 Not
294 4303 349 4343 rar.
368 4291 449 4358 hung.
467 4291 540 4344 Edit.
558 4290 583 4345 8.
601 4292 632 4341 Τ.
651 4292 671 4344 l.
690 4307 717 4357 p.
736 4290 796 4345 189.
814 4297 842 4344 et
861 4305 919 4355 seq.

60 4388 63 4394 ’
164 4375 191 4442 1’)
210 4372 325 4445 statute
335 4377 376 4430 tet
393 4373 495 4445 aeota.
508 4375 570 4444 ung.
589 4379 640 4432 ltd.
653 4380 680 4432 2.
698 4380 729 4433 P.
746 4380 795 4432 ΙΙΙ.
812 4392 838 4446 p.
853 4376 913 4432 ³47.
933 4383 961 4433 at
979 4392 1037 4446 seq·
1149 4435 1153 4444 ,
