3142 4862
210 235 262 320 ‘do

210 413 451 483 transmissum
495 412 540 484 ad
574 433 751 505 normam,
792 437 859 510 qua
894 415 1015 506 Reges
1054 411 1222 505 deinceps
1260 418 1404 503 gentem

211 512 411 606 Hungariae
430 513 680 607 gubernarent,
699 520 747 589 ita
763 517 912 588 relatum
939 515 1017 603 luit,
1036 523 1074 584 ut
1093 512 1135 584 ab
1154 512 1224 583 boc
1241 523 1404 606 tempore

212 616 342 708 singuli
359 615 443 686 illud
470 621 659 690 occasione
686 620 844 690 solennis
872 617 1155 709 inaugurationis
1174 613 1404 704 jurejurando

212 737 252 790 sc
272 728 478 791 servaturos
497 719 713 814 sponderent
743 722 788 811 ⁸).

252 842 291 924 *)
315 839 394 924 Ejus
418 843 615 920 caeteroquin
630 844 662 904 in
677 861 808 922 corpore
824 841 913 904 Juris
932 841 1084 904 exstantis
1102 839 1266 922 synopsim
1285 836 1411 900 exbibet

296 926 453 990 Gebhardi
482 927 513 994 ic
543 931 593 994 bes
623 927 787 1012 Deldicptc
815 929 868 994 bes
897 929 1023 1011 &eides
1048 931 1182 1010 tingant.
1215 925 1347 1005 Saegedi
1377 925 1410 986 in

295 1033 406 1093 opere,
429 1013 479 1074 cui
501 1015 630 1077 titulus:
654 1015 828 1090 „Assertor
849 1013 1020 1076 Libertatis
1044 1013 1248 1093 Hungaricae
1267 1012 1410 1073 Andreas

295 1099 375 1174 ll.3“
398 1098 599 1162 illustrarunt
624 1121 699 1163 vero
720 1100 805 1162 illam
820 1099 928 1164 Palma
949 1101 981 1161 in
996 1099 1095 1162 Notit.
1114 1101 1184 1161 aer.
1202 1098 1307 1179 Huug.
1326 1097 1362 1160 P.
1385 1095 1409 1161 1.

295 1185 452 1248 Martinus
476 1187 654 1250 Kovacbiclr
677 1189 710 1249 in
733 1196 812 1251 vest.
837 1186 1054 1264 comitiorum,
1077 1194 1168 1266 atque
1191 1184 1257 1245 alii.

715 1323 751 1408 §.
778 1320 908 1394 XVHl.

393 1447 505 1532 Quod
519 1462 655 1520 contra
684 1469 796 1540 pacm
819 1447 1034 1520 cdcerecre‘i
1060 1460 1236 1518 statuent.

312 1570 421 1641 Varia
445 1580 654 1666 pervetusto
673 1571 755 1641 huic
772 1569 995 1664 Hungaricae
1026 1568 1215 1640 Libertatis
1234 1564 1371 1663 Clypea
1392 1590 1412 1639 a

212 1671 449 1766 compluribus
468 1670 654 1766 aliquando
674 1671 777 1747 fuere
805 1675 989 1768 opposita,
1019 1681 1054 1741 et
1083 1691 1165 1740 acre
1193 1670 1308 1742 eidem
1326 1669 1410 1740 bel-

209 1775 282 1846 lum
299 1776 502 1846 nominatim
520 1795 541 1843 a
560 1772 797 1867 Grossingero
829 1775 876 1865 bJ,
897 1786 933 1846 et
948 1772 1206 1846 Gustermanno
1238 1774 1269 1863 ⁶)
1289 1771 1409 1844 indic-

212 1885 295 1946 tum.
323 1874 403 1947 Non
433 1878 500 1946 erit
527 1875 677 1970 proinde
706 1877 747 1947 ab
777 1876 945 1948 historica
974 1873 1039 1946 hac
1065 1873 1224 1946 doctrina
1255 1873 1408 1945 alienum

211 1979 335 2072 paucis
354 1977 609 2066 demonstrare,
635 1976 770 2050 Bullam
788 1982 900 2074 ipsam
917 1978 1108 2054 Decretum
1127 1998 1209 2048 esse
1230 1977 1406 2047 comitiale

212 2118 264 2130 -
280 2080 436 2172 legitime
456 2080 585 2153 editum
603 2082 824 2176 -indeque
844 2103 863 2151 a
883 2103 947 2152 suc
967 2082 1066 2152 initio
1085 2076 1251 2166 validum,
1267 2087 1305 2147 ut
1323 2076 1407 2163 tale,

212 2184 248 2252 in
265 2180 354 2252 haec
371 2203 483 2276 usque
503 2191 661 2275 tempora
680 2192 886 2254 constanter
904 2186 1088 2274 viguisse;
1115 2183 1305 2273 genuinum
1335 2182 1409 2249 ita-

214 2302 300 2376 que,
321 2306 363 2353 ao
390 2283 626 2354 authenticum
652 2281 745 2354 illius
775 2294 909 2354 textum
928 2281 1115 2354 hodiedum
1134 2291 1289 2354 exstare.
1309 2280 1407 2352 Haec

215 2387 307 2455 enim
326 2392 450 2455 cuncta
469 2383 511 2455 ab
531 2384 746 2458 adversariis
764 2388 801 2455 in
819 2383 958 2456 dubium
976 2395 1161 2456 vocantur.

730 2535 767 2620 §.
795 2533 890 2605 XIX.

556 2659 628 2732 Est
641 2663 842 2732 Decretum
863 2659 1070 2732 Ccmrticla

315 2782 505 2854 Decretum
523 2778 704 2856 Comitiale
724 2807 906 2878 germano,
918 2792 963 2855 ,et
982 2789 1148 2855 continuo
1170 2777 1411 2853 Constitutio-

212 2886 267 2956 nis
286 2893 430 2955 nostrae
450 2905 558 2956 sensu
577 2897 653 2958 erat
672 2908 834 2981 semper,
864 2884 958 2982 quod
983 2886 1104 2978 Reges
1124 2884 1408 2978 adpetitionem,

211 2987 539 3081 propositionemve
565 2987 839 3080 Regnicclarum
856 2991 892 3058 in
918 2984 1076 3060 comitiis
1106 2996 1408 3079 congregatorum

213 3097 417 3161 sanxerunt.
447 3086 559 3160 Nemo
588 3093 695 3182 igitur
720 3090 814 3162 istud
842 3089 911 3161 talc
940 3111 1012 3185 uon
1042 3109 1147 3178 esse,
1176 3091 1246 3159 nisi
1277 3099 1412 3159 temere

211 3211 438 3286 propugnare
465 3200 607 3285 potest,
635 3194 845 3286 praesertim
881 3193 911 3263 si
931 3192 1095 3284 analogia
1125 3189 1414 3283 subsequentium

128 3370 131 3378 ,
212 3292 459 3380 Decretorum,
486 3295 520 3362 in
547 3297 666 3387 specie
687 3291 857 3378 Ludovici
881 3290 909 3362 Ii
937 3303 973 3364 et
1003 3292 1135 3364 Mariae
1161 3292 1226 3362 I¹¹²⁵⁶
1244 3290 1414 3363 Andrea-

212 3415 294 3464 num
314 3389 604 3483 confirmantium,
631 3392 804 3489 hujusque
832 3398 943 3491 ipsius
972 3403 1008 3466 et
1030 3395 1228 3482 Praefatio,
1258 3403 1293 3463 et
1312 3391 1413 3466 Con-

91 3526 101 3538 ‘
214 3492 325 3566 clusio
347 3492 464 3565 debite
482 3495 731 3591 perpendatur.
757 3496 854 3570 Unde
873 3497 959 3570 illud
976 3496 1197 3570 Verbdczius
1217 3497 1321 3567 etiam
1339 3517 1413 3568 non

219 3596 416 3692 ambigebat
433 3596 625 3672 Decretum
644 3597 824 3695 adpellare
857 3596 903 3690 ἃ).

580 3869 629 3940 Ut
644 3884 756 3942 tenor
773 3875 855 3962 epse
874 3870 1043 3943 ostendet.

230 4075 233 4081 ,
316 4013 449 4108 Regias
468 4011 637 4106 proiecto
654 4016 928 4108 declarationes,
954 4017 1074 4092 verbis
1094 4017 1322 4113 sequentibus
1342 4018 1414 4091 ibi·
1435 4081 1438 4086 .
1565 4093 1566 4118 ἒ

213 4140 490 4248 Effice.
1565 4141 1566 4148 Ν

242 4250 271 4313 b)
290 4253 320 4302 ln
338 4254 406 4304 Jure
427 4255 500 4317 publ
517 4253 607 4316 Huog.
627 4255 655 4306 c.
674 4256 697 4304 3,
717 4255 739 4322 t.
756 4259 780 4312 5.
800 4271 815 4308 e
843 4271 902 4322 seq.

244 4321 268 4376 ο)
287 4317 400 4385 ungaros
420 4317 588 4385 stentoreos.
615 4323 639 4375 1.
656 4320 733 4392 ibai.
750 4325 775 4392 t.
794 4329 836 4382 10.
856 4333 885 4380 et
902 4340 959 4393 seq.

244 4387 455 4458 dJP110u090
476 4389 539 4459 §⁸60
579 4415 582 4422 ¹

824 4453 827 4461 i
