3094 4868
256 181 332 256 240

257 350 371 425 biales
389 352 426 422 in
443 348 554 445 prima
572 346 739 420 instantia
757 345 1001 439 dijudicatura,
1020 367 1085 444 per
1097 343 1304 423 universam
1312 349 1500 444 Hunga·

259 459 347 527 riam
366 461 448 524 ante
466 450 544 523 lere
561 449 772 522 decennium
791 460 926 540 erecta,
946 451 1191 546 collocataque
1208 453 1416 525 intuemur
1442 451 1501 542 ἐι)

257 554 313 628 Ex
330 555 399 628 illis
417 550 550 626 Pestini
579 561 721 647 praeter
738 553 963 643 Praesidem,
993 553 1038 626 ob
1067 559 1269 647 assignatae
1300 559 1501 650 regionis

260 659 430 748 majorem
449 657 708 745 extensionem,
727 654 983 728 sexJudicibns
1003 666 1155 744 constat,
1172 656 1282 746 luris,
1305 668 1349 729 et
1365 657 1501 730 Cam-

259 759 401 833 bialium
419 759 644 849 negotiorum
662 761 795 848 gnaris,
814 757 858 830 ad
876 758 966 828 haec
982 768 1133 851 quatuor
1151 780 1171 829 e
1191 771 1297 833 coetu
1321 781 1501 831 merca-

260 871 388 948 torum,
409 879 498 953 quos
518 860 586 931 iste
606 859 650 929 ad
668 863 855 931 triennium
874 859 1006 953 deligit.
1027 857 1189 953 Collegia
1206 861 1351 956 reliqua
1375 863 1501 932 indi-

260 963 366 1036 vidua
385 959 498 1033 solum
516 963 670 1054 quinque
689 973 884 1034 numerant.
911 962 1150 1034 Assumuntur
1167 962 1271 1034 isthic
1289 966 1496 1058 imprimis

260 1065 341 1137 lites
361 1063 518 1153 ejusdem
537 1065 702 1152 nominis,
722 1064 802 1136 dein
822 1085 912 1158 quae
931 1074 1148 1136 mercatores
1166 1067 1271 1155 inter,
1291 1075 1331 1136 et
1352 1065 1493 1136 fabri-

262 1175 384 1237 cantes
402 1173 601 1252 vertuntur,
627 1164 706 1235 dum
723 1164 910 1259 productio
930 1164 1097 1237 librorum
1115 1166 1380 1238 mercantilium
1405 1168 1489 1237 de-

263 1268 450 1354 sideratur,
478 1265 619 1360 publico
649 1266 851 1361 protocollo
876 1271 1101 1340 insertorum.
1135 1266 1342 1339 Nonnullae
1377 1269 1484 1339 aliae

261 1380 449 1466 praeterea
468 1367 596 1438 ibidem
615 1368 803 1456 indicatae,
824 1369 1018 1464 ultraquae
1038 1370 1183 1442 alterius
1203 1372 1353 1462 generis
1374 1393 1480 1464 pro-

262 1491 387 1543 cessus
407 1489 589 1542 assumere
606 1471 667 1542 lex
686 1470 809 1542 eadem
836 1481 945 1544 vetat.
975 1469 1126 1544 Caetera
1158 1472 1328 1570 explicite
1360 1475 1477 1545 insn-

261 1595 326 1670 per
343 1573 533 1645 constituto
551 1571 614 1644 Jus
633 1574 808 1670 privatum
824 1577 1019 1670 respiciunt
1049 1576 1094 1665 ¹).

303 1741 496 1831 *)·Pestini,
517 1742 660 1818 Posooii,
682 1744 841 1824 Sopronii,
865 1743 1088 1826 Corolostedii,
1105 1744 1247 1821 Auadioi,
1265 1743 1469 1822 Debreczini,

347 1839 377 1892 et
407 1825 598 1913 Eperjesini‚
642 1827 842 1894 Fluminense
876 1838 906 1893 et
940 1829 1095 1894 'l'ribuoal
1129 1829 1324 1895 Consulatus
1359 1830 1466 1893 Maris

348 1915 463 1979 ibidem
486 1913 667 1980 confirmata
690 1926 773 1982 sunt.

788 2155 825 2242 §.
855 2157 940 2229 738.

629 2303 782 2376 Iudicia
811 2305 1091 2376 Comz'tatenco’o.

366 2469 420 2542 De
453 2464 705 2541 iurisdictione
735 2465 968 2541 comitatuum
996 2470 1032 2540 in
1051 2489 1185 2561 genere
1205 2443 1372 2564 quaedam
1391 2491 1454 2544 su-

264 2573 385 2666 perius
405 2568 592 2642 attulimus.
629 2567 722 2640 Fora
741 2579 856 2641 autem
884 2572 919 2641 in
945 2574 1071 2664 quovis
1090 2569 1285 2659 Comitatu,
1312 2582 1348 2643 ut
1366 2594 1449 2644 suc-

265 2675 380 2746 cincte
405 2671 631 2744 Kelemenius
661 2671 847 2764 aliquando
876 2670 1021 2744 notabat
1051 2672 1107 2762 b),
1135 2677 1200 2746 tria
1226 2674 1361 2746 diversa
1379 2697 1447 2746 ve·
1494 2708 1497 2716 v

263 2779 363 2848 niont
391 2771 659 2865 distinguenda3
687 2773 828 2844 Sedis
855 2770 1159 2846 Jndiciariae
1187 2774 1368 2859 videlicet3
1394 2813 1442 2824 —

265 2873 517 2969 compendiose
555 2870 769 2946 Sedriam
800 2873 967 2964 dicimus,
1003 2915 1056 2930 -·-
1092 2874 1443 2949 Vico-Comitis

266 2976 369 3064 dein,
399 2983 435 3045 et
461 2973 482 3044 J
491 2974 650 3045 udicis
686 2973 939 3048 Nobilium.
979 2976 1240 3050 Posterioribus
1269 2977 1448 3071 pedaneo-

137 3091 139 3096 ’
264 3100 341 3149 rum
361 3085 633 3170 cognomentum
659 3077 739 3148 inde
759 3081 932 3151 mansisse
959 3079 1137 3167 creditur,
1166 3077 1261 3173 quod
1280 3077 1353 3148 dum
1371 3079 1448 3150 olim

266 3179 449 3273 generalia
475 3178 612 3249 Judicia
640 3181 675 3248 in
704 3177 932 3251 Comitatibus
961 3201 1026 3272 per
1054 3179 1213 3271 Regem,
1252 3180 1444 3268 Palatinum,

268 3293 326 3352 aut
344 3282 424 3352 huic
442 3277 651 3352 substitutos
681 3280 890 3374 quandoque
918 3302 1024 3374 super
1044 3281 1158 3372 colle,
1185 3281 1277 3354 bunc
1301 3286 1333 3354 in
1351 3280 1445 3352 finem

267 3401 486 3470 conscenso,
514 3381 661 3470 liercnt,
695 3377 1005 3471 Vico-Comites,
1042 3383 1257 3478 Jndioesque
1284 3383 1443 3455 Nobilium

268 3483 312 3554 ad
330 3483 433 3573 hujus
451 3482 579 3576 pedem
606 3485 642 3553 in
669 3485 781 3577 prima
799 3485 965 3556 instantia
991 3484 1053 3556 Jus
1072 3485 1236 3558 dixerint.
1256 3486 1346 3560 vSunt
1363 3504 1442 3555 vero

268 3584 420 3681 pedanei
437 3582 582 3656 ludices
602 3587 637 3655 in
657 3583 825 3656 Civilibus
845 3589 961 3657 causis
982 3585 1170 3676 duntaxat,
1195 3610 1268 3660 non
1284 3592 1359 3658 item
1375 3586 1443 3653 cri-

267 3687 473 3772 minalibus;
502 3686 616 3760 Sedes
633 3686 822 3757 Jndiciaria
840 3708 944 3776 vero,
968 3689 1005 3757 in
1022 3691 1205 3783 utriusque
1224 3709 1345 3762 causae
1362 3695 1441 3780 spe-

270 3791 344 3862 cies
365 3795 596 3882 exporrecta,
624 3780 875 3861 iurisdictione
894 3787 1042 3880 gaudet,
1071 3800 1106 3861 et
1131 3791 1314 3864 nonnullas
1332 3789 1440 3862 civiles

268 3895 305 3964 in
337 3893 447 3986 prima
478 3891 665 3979 instantia,
706 3889 811 3981 alias,
840 3910 945 3984 quum
972 3913 994 3962 a
1022 3891 1191 3987 pedaneis
1219 3892 1463 3988 ,adpellantum-

268 3992 399 4068 babent
417 3991 640 4067 decidendas.

266 4169 485 4191 μ

299 4254 386 4324 ·)1te
405 4259 448 4311 hle
467 4258 530 4312 ride
549 4258 594 4314 cit.
613 4263 662 4315 ert
683 4259 725 4316 1⁵.
743 4258 822 4317 1840.

298 4341 328 4412 l)
346 4346 457 4413 01).ch
475 4348 504 4402 li.
523 4348 568 4404 lll.
585 4343 608 4412 t.
626 4346 686 4408 tes.
704 4363 730 4416 p.
748 4349 825 4406 1826.
844 4353 873 4404 st
890 4360 949 4414 sao·
