3122 4852
678 392 714 477 §.
743 394 829 466 468.

179 547 182 555 “
228 546 340 632 Quod
354 547 477 634 Reges
498 545 627 611 nostri
647 546 753 612 omos·
768 553 938 632 tempore
950 546 1287 635 prosequebantur.

259 694 393 786 Legum
411 701 611 767 nostrarum
629 689 780 762 Tabulas
799 693 857 785 qui
882 693 1102 788 inspexerit,
1130 705 1189 769 aut
1214 698 1273 789 qui
1291 695 1351 769 hi-

158 799 302 870 storiam
319 800 456 891 patriae
475 793 583 868 obvie
602 791 845 881 consuluerit,
874 794 1061 868 confestim
1081 797 1349 887 animadvertet,

157 898 309 992 undique
327 901 472 990 negotia
490 895 712 987 Religionis,
741 899 916 988 cumipse
935 897 1061 990 Regno
1082 909 1229 987 exorta,
1258 899 1349 993 apud

153 1020 221 1073 nos
247 1002 422 1072 mansisse
459 1017 601 1090 semper
629 999 796 1088 negotiis·
820 995 980 1091 profanis
1018 1002 1138 1072 intime
1175 1001 1350 1095 copulem.

103 1145 106 1150 ·
153 1102 244 1176 Hinc
260 1101 386 1198 plenus
406 1111 462 1173 est
480 1098 603 1171 Codex
621 1097 835 1169 domesticus
862 1099 1001 1192 legibus
1021 1106 1143 1174 stricte
1172 1102 1350 1173 ecclesia-

155 1208 275 1291 sticis3
303 1204 384 1274 hinc
403 1199 610 1276 Conventus
634 1198 750 1291 Regni
770 1199 833 1271 sub
851 1203 972 1294 primis
992 1203 1069 1292 ejus
1098 1207 1206 1276 initiis
1226 1201 1347 1293 habiti,

155 1329 248 1403 pene
266 1304 490 1402 Synodorum
516 1303 670 1398 speciem
689 1301 947 1396 praeseferunt.
976 1303 1065 1376 Hinc
1090 1305 1239 1401 denique
1259 1327 1350 1376 con-

153 1413 249 1481 tinua
268 1408 329 1481 illa
347 1409 475 1502 quovis
495 1402 617 1478 seculo
644 1403 750 1475 rebus
769 1408 952 1498 prosperis
966 1407 1089 1496 juxta,
1117 1431 1159 1480 ae
1187 1406 1349 1480 adversis

154 1509 247 1582 haud
264 1514 458 1604 interrupta
477 1504 729 1599 legislationis
748 1505 970 1596 sollicitudo,
997 1510 1192 1580 innumeris
1220 1530 1351 1580 monu-

154 1615 280 1684 mentis
301 1610 527 1706 comprobata
559 1609 614 1699 ⁸),
642 1617 680 1679 ut
707 1606 890 1702 Principes
910 1630 1017 1680 suam
1034 1612 1128 1681 circa
1157 1610 1266 1684 Sacra
1285 1613 1347 1683 vi-

154 1714 333 1808 gilantiam
359 1714 396 1784 in
421 1712 593 1798 salutem,
622 1719 726 1804 atque
756 1711 1008 1782 incrementum
1036 1711 1235 1805 Religionis
1256 1735 1348 1783 eon-

153 1824 316 1903 vertent,
345 1823 449 1907 atque
484 1815 677 1905 legitimam
711 1812 990 1884 ecelesiasticam
1027 1823 1264 1906 potestatem,
1304 1837 1347 1884 ac

153 1919 313 2008 regimen
331 1938 351 1985 a
370 1917 494 2007 quavis
522 1912 778 1998 diminutione,
801 1916 879 1984 sive
893 1915 1056 2002 jactura,
1083 1925 1141 1986 aut
1159 1918 1347 2011 qualicun-

155 2040 224 2113 que
241 2016 438 2092 uiolatione
457 2013 616 2085 illaesam
633 2022 880 2107 praeservent.

681 2238 726 2324 §.,
747 2239 831 2314 469.

366 2395 395 2466 Ι.
424 2387 665 2482 Ιηυῑρῑῖαηᾰο
687 2335 927 2481 Itz'acr'plr'nbe
946 2407 1135 2464 cateruae.

255 2562 343 2635 Sunt
370 2563 477 2654 igitur
504 2558 595 2654 apud
620 2578 687 2631 nos
716 2581 851 2654 aeque,
880 2584 922 2632 ac
941 2562 1022 2633 alibi
1047 2565 1152 2636 etiam
1180 2565 1347 2636 continua

153 2665 271 2760 legum
289 2663 539 2756 suffragatione
565 2660 756 2756 adiaphora
784 2682 965 2756 quaequae
993 2663 1104 2758 Regis
1133 2665 1348 2759 inspectioni

152 2777 360 2856 reseruata,
389 2767 488 2858 cujus
515 2767 678 2859 praecise
709 2786 729 2835 e
758 2774 925 2859 respectu
955 2768 1042 2837 citra
1071 2769 1148 2857 ejus
1177 2765 1346 2848 indultum

152 2870 281 2941 nullius
312 2872 389 2942 sine
424 2868 624 2941 discrimine
653 2865 851 2958 Religionis
892 2869 1041 2940 asseclis
1076 2871 1252 2962 integrum
1291 2877 1347 2940 est

154 2968 311 3040 Concilio
339 2990 493 3062 cogere,
520 2965 735 3063 synodosve
765 2968 970 3057 celebrare,
1010 2969 1053 3041 ad
1079 2991 1189 3065 quas,
1218 2973 1249 3052 si
1274 2992 1346 3041 vo-

151 3071 287 3159 luerit,
299 3077 418 3164 ‘suum'
434 3068 633 3161 delegatum
660 3072 763 3138 unice
782 3079 899 3140 tamen
928 3067 997 3141 line
1015 3072 1198 3162 vigilantis
1218 3071 1345 3164 inspe-

154 3174 281 3242 ctionis
300 3172 490 3242 constituit.
518 3169 685 3262 Alioquin
704 3168 840 3241 statuta
859 3169 987 3242 ibidem
1012 3170 1153 3242 condita
1172 3173 1259 3241 citra
1279 3192 1348 3262 op-

153 3271 398 3369 probationem
426 3273 560 3363 regiam
586 3270 717 3342 robore
744 3270 979 3343 destituuntur
1005 3267 1072 3362 ῆς
1112 3271 1208 3367 quod
1232 3272 1347 3364 ipsum

152 3375 318 3469 positivis
354 3370 661 3444 constitutionibus
690 3372 806 3465 queml
840 3373 1074 3464 Religiones,
1112 3397 1133 3444 a
1175 3371 1347 3444 catholica

153 3475 405 3566 divergentes,
431 3479 658 3567 praecautum
686 3471 751 3543 fuit
768 3468 845 3562 Μ).
883 3472 1087 3545 Generatim
1105 3484 1223 3545 autem
1240 3472 1346 3564 lega·
1411 3509 1412 3514 =
1479 3489 1481 3492 ·

152 3578 222 3651 lem
239 3576 501 3665 uniuscujusuis
520 3573 740 3661 libertatem,
770 3581 806 3643 et
825 3573 1091 3645 ecclesiasticas
1116 3573 1347 3645 Jurisdictio-

151 3700 241 3766 nes,
268 3677 330 3749 has
350 3677 452 3748 simul
471 3674 608 3748 debitos
626 3677 717 3747 intra
738 3673 867 3748 limites
888 3675 1126 3764 continendo,
1146 3682 1342 3760 sustentat3

153 3778 417 3875 quibusmodis
454 3799 544 3866 una,
586 3797 632 3850 nc
660 3780 864 3870 gravamina
894 3780 930 3848 in
966 3779 1120 3870 negotiis
1148 3777 1346 3868 Religionis

153 3892 386 3968 enascantur,
413 3880 623 3966 antevertit3
659 3877 802 3951 suborta
828 3881 930 3970 Juxta
959 3879 1076 3972 legum
1103 3887 1275 3967 tenores,
1310 3879 1380 3947 et·

152 3993 303 4054 mentem
322 3982 473 4072 dirimit',
501 3990 605 4076 atque
625 3983 813 4075 componit.

146 4177 361 4194 ..nu—-

180 4265 206 4331 ⁴)
226 4264 303 4388 gapt
319 4261 414 4387 {otiis
432 4267 465 4319 de
481 4265 549 4332 orig.
567 4271 595 4318 ct
613 4278 667 4316 usu
686 4239 791 4330 perpet.
816 4269 918 4330 potest
934 4264 1025 4332 teglat.
1045 4265 1118 4318 circu
1140 4264 1228 4328 sauro
1239 4265 1349 4334 ,opem

276 4349 302 4404 t·
347 4349 410 4402 ¹¹³8·
1126 4366 1135 4380 =
