3158 4864
766 373 773 389 .
802 319 888 393 205.
1016 331 1019 338 “

415 447 679 522 Palatinarum
707 321 762 518 tos
771 450 973 537 Hunqorto
998 444 1203 519 Institutio.
1284 417 1287 426 Ι

317 572 433 665 Regni
449 573 642 661 Palatinos,
670 570 857 666 aliquando
890 580 926 641 et
947 567 1102 643 Comites
1131 571 1253 642 Palatii
1287 570 1415 663 dictos,

216 696 315 748 suam
333 673 424 745 banc
445 674 719 769 appellationem
744 675 913 745 universe
943 694 963 743 a
991 672 1134 744 Palatiis
1165 671 1415 767 Imperantium

214 777 382 866 traxisse,
411 775 505 870 quod
523 798 650 871 nempe
679 779 715 846 ln
733 775 1012 870 Imperatorum,
1039 773 1247 868 Regumque
1267 775 1410 846 Palatiis

215 899 354 967 causas,
384 877 428 950 ad
447 878 572 950 horum
598 880 839 970 cognitionem
857 877 1057 964 devolutas,
1086 885 1292 964 tractarent,
1327 880 1413 948 satis

213 1019 266 1034 -
286 983 480 1076 opinor-
498 983 724 1075 perspicuum
753 989 809 1052 cst
839 981 883 1070 ³).
913 978 1002 1050 Nam
1031 981 1079 1048 ita
1100 999 1159 1048 res
1178 980 1255 1072 ipsa
1276 977 1412 1050 titulum

211 1082 401 1178 aliquando
433 1083 523 1178 apud
554 1083 734 1156 Romanos
764 1087 964 1170 invexerat,
1003 1080 1155 1174 indeque
1173 1080 1217 1151 ad
1238 1079 1410 1171 Francos,

213 1186 338 1275 BoJos,
367 1184 544 1272 Saxones,
572 1186 725 1278 Anglos,
755 1183 841 1256 alias
868 1183 1020 1276 denique
1046 1193 1173 1274 gentes
1200 1182 1413 1254 cultissimas

211 1286 426 1384 pedetentim
450 1286 606 1358 traduxit
634 1287 680 1379 ¹³).
710 1287 820 1380 Igitur
850 1289 968 1381 prouti
998 1285 1258 1374 nomenclati0,
1306 1287 1415 1358 itaet
1462 1327 1463 1332 ,

212 1412 336 1464 munus
355 1391 438 1464 olim
462 1388 611 1462 Palatini
634 1391 671 1462 in
690 1387 868 1481 Hungaria
899 1389 1025 1458 muniis
1056 1387 1292 1457 Palatinorum
1322 1387 1414 1481 apud

210 1493 305 1582 illoc,
334 1515 481 1588 quorum
503 1493 656 1581 memini,
683 1492 838 1586 Populos
864 1488 929 1561 sub
955 1490 1089 1561 initium
1113 1490 1218 1583 plane
1250 1509 1410 1582 respon-

212 1593 315 1666 debat
345 1595 391 1684 ⁰),
420 1604 455 1665 et
474 1592 637 1689 exemplo
657 1614 676 1663 a
698 1593 880 1666 veteribus
908 1589 1105 1681 Germania,
1142 1589 1336 1663 Francisve
1368 1593 1412 1667 ad

211 1716 278 1772 nos
301 1697 569 1792 commigrasse,
597 1695 902 1770 verosimillimum
922 1693 970 1766 lit.

746 1865 782 1954 §.
812 1868 898 1942 206.

529 2019 672 2088 Sancto
699 2017 894 2106 Stcpltono
924 2015 1086 2088 debetur.

317 2166 562 2260 Perantiquam
592 2162 684 2259 apud
720 2183 786 2234 nos
815 2165 985 2258 principis
1024 2162 1127 2254 hujus
1173 2163 1414 2253 Magistratus,

212 2267 389 2361 Hungaris
425 2271 571 2362 proprio
608 2288 627 2335 a
666 2265 796 2336 seculis
833 2264 1008 2336 vocabulo
1047 2264 1199 2338 Nddor
1237 2261 1415 2357 Ispany

212 2371 416 2464 nuncupati,
433 2369 606 2460 originem
621 2366 811 2438 Decretum
835 2366 871 2440 S.
891 2365 1044 2441 Ladislai
1074 2365 1107 2458 d)
1146 2376 1247 2440 extra
1278 2385 1417 2435 omnem

214 2475 312 2566 ponit
337 2470 573 2558 dubietatem,
601 2479 716 2540 utrum
742 2490 830 2541 vcro
862 2491 940 2541 cum
970 2473 1048 2565 ipso
1078 2469 1204 2563 Regno
1240 2470 1413 2561 coeperit,

92 2659 95 2662 Ι
216 2575 355 2644 tametsi
391 2571 544 2642 nondum
571 2578 657 2643 satis
679 2570 880 2666 expeditum
910 2572 1089 2643 nonnullis
1108 2571 1292 2659 videatur,
1321 2590 1414 2639 con-

216 2695 297 2746 cors
342 2668 566 2744 nibilominus
603 2684 658 2746 cst
680 2671 929 2768 plerorumque
960 2673 1233 2746 domesticorum
1265 2680 1416 2744 senten-

214 2773 328 2866 tia*),
351 2778 508 2869 mireque
528 2774 618 2848 hanc
639 2774 752 2846 firmat
770 2771 983 2865 Chronicou,
1004 2779 1059 2845 cui
1085 2799 1217 2874 summa
1237 2773 1373 2846 accedit
1396 2794 1416 2840 a

213 2885 392 2950 vetustate
411 2875 694 2966 auctorisavi).
723 2877 815 2950 Dein
842 2876 1097 2950 Fundationum
1122 2879 1276 2950 Litterae
1296 2877 1414 2965 binae,

215 3000 305 3074 quae
331 2977 433 3050 nobis
455 2983 631 3069 usitatam,
654 2978 910 3074 florentemque
929 2999 1006 3050 eom
1028 2980 1232 3072 dignitatem
1253 2991 1414 3073 tempore

215 3081 381 3152 Andreae
401 3081 428 3152 l.
449 3090 721 3176 repraesentant
739 3079 837 3172 lll).
877 3081 943 3168 Qui
979 3105 1056 3154 cum
1084 3082 1238 3154 nondum
1260 3081 1414 3152 evolutis

215 3183 256 3254 ab
275 3180 371 3254 obitu
391 3181 427 3258 S.
448 3181 617 3277 Stephani
638 3191 718 3255 octo
745 3186 859 3272 annis,
888 3184 1003 3277 Regni
1019 3183 1259 3277 gubernacula
1281 3200 1414 3276 capes-

214 3287 361 3373 siverit,
408 3307 428 3354 a
463 3283 598 3356 duobus
641 3296 757 3356 autem
785 3287 1001 3357 intermediis
1033 3285 1190 3380 Regibus
1222 3323 1274 3336 —-
1307 3284 1414 3355 Petro

203 3391 357 3482 quippe,
387 3396 422 3457 ct
441 3384 541 3455 Abba
553 3424 605 3436 --
625 3389 689 3457 vix
706 3385 855 3477 idgenus
880 3388 1056 3483 quidpiam
1070 3399 1187 3461 mutua
1202 3391 1294 3460 inter
1309 3385 1415 3474 bella,

214 3489 479 3581 seditionesque
498 3486 575 3556 lere
601 3489 785 3570 continuas
813 3493 969 3581 potuerit
1005 3493 1230 3582 exspectari,
1267 3489 1415 3559 Palatini

213 3590 473 3662 Institutionem
491 3591 527 3660 in
545 3587 724 3681 Hungaria
741 3596 838 3658 tanto
857 3586 1021 3660 fidentius
1042 3591 1157 3660 Primo
1177 3590 1269 3683 Regi
1288 3597 1411 3658 nostro

214 3691 336 3764 licebit
353 3713 531 3781 asserere,
561 3699 690 3786 quanto
710 3687 921 3763 luculentius
950 3691 1010 3764 ille
1040 3700 1154 3774 semet
1177 3695 1413 3789 antiquorum,

209 3839 425 3854 m

242 3903 267 3962 ι)
288 3905 434 3970 blarquard
448 3907 564 3960 Froberl
582 3907 657 3976 orig.
678 3911 791 3964 Palatio·
810 3912 978 3966 Ebberbardi
1004 3911 1114 3966 ottonis
1135 3915 1247 3969 dissert.
1269 3919 1302 3969 de
1318 3917 1415 3969 Gemit.

292 3973 379 4040 Palat,
396 3977 523 4031 Moesos.
541 3979 569 4029 ln
587 3981 655 4031 Jure
674 3982 752 4033 Publ.
771 3985 837 4048 lmp.
856 3985 933 4036 Rom.
954 3985 1084 4036 German.
1109 3987 1138 4038 b.
1156 3983 1181 4037 4.
1202 3985 1231 4039 (t.
1250 3987 1274 4040 6.
1285 3985 1308 4052 d.
1327 3989 1371 4042 31.

243 4041 271 4105 ¹³)
291 4045 367 4096 Coos.
395 4047 524 4100 Glossar.
548 4051 618 4100 med.
650 4059 678 4103 ct
702 4053 748 4108 int.
777 4053 872 4104 latinii.
899 4055 931 4105 ad
957 4054 1051 4106 vocab.
1077 4055 1417 4120 (temlt.l’alat.·-1tenr

293 4117 376 4166 Mtcb.
396 4119 434 4180 lg.
453 4119 584 4172 Schmidt.
604 4116 683 4187 (beleb.
701 4122 740 4174 tet
757 4118 865 4190 vestiet.

243 4186 271 4318 3
290 4185 439 4310 garffffi'
458 4188 562 4312 ge13de
582 4191 727 4248 Archi-off.
745 4195 815 4259 Reg.
833 4195 923 4265 flung.
942 4189 967 4262 b·
985 4194 1010 4248 d·
