3158 4864
1268 237 1343 324 195

145 407 344 505 exemplum
374 409 421 500 ⁸),
450 418 486 483 et
511 431 635 484 norma
654 413 786 486 certior
804 409 999 505 largiendi,
1028 415 1340 513 consequendique

145 509 314 606 deinceps
331 510 560 604 Indigenatus
580 519 747 603 occurrit,
768 508 805 585 in
819 534 898 585 eurn
910 514 1048 588 modum
1059 522 1278 613 praescripta
1293 519 1343 611 ⁵),

143 623 182 683 ut
215 652 267 666 -
302 612 401 687 salva
436 623 614 686 caeterum
640 615 750 708 Regis
780 626 959 710 potestate
997 617 1146 689 eundem
1181 628 1343 715 temporo

144 713 372 788 Comitiorum
398 737 476 786 cum
504 721 614 806 scitu,
653 728 688 788 et
712 720 981 811 participatione
1011 719 1177 790 Ordinem
1206 717 1342 812 Regni,

144 825 246 888 extra
263 815 353 888 haee
377 838 466 888 vero
495 837 572 888 curn
599 819 750 891 oonsilio
768 818 967 908 Beronum,
997 829 1033 890 et
1052 819 1345 893 Consiliariorum

144 917 423 1010 Hungarioorum
442 918 649 992 conferendi
660 942 791 992 -nee
803 931 970 1016 receptus
982 931 1134 1016 utroque
1146 925 1181 994 in
1193 943 1279 994 casu
1298 922 1342 994 de

145 1018 213 1090 lide
232 1019 323 1111 Regi
352 1019 491 1109 debita,
531 1032 567 1092 et
584 1022 700 1114 Regni
728 1021 867 1115 legibus
888 1021 1144 1112 observandis,
1181 1045 1250 1095 nee
1268 1045 1342 1096 non

145 1120 190 1191 de
208 1119 430 1194 defendenda
447 1122 632 1212 libertate,
661 1147 702 1194 ac
720 1124 866 1217 reliquis
887 1122 1174 1217 obligationibus,
1201 1125 1343 1217 Regni-

146 1221 258 1295 eolam
274 1222 516 1313 manentibus,
552 1223 792 1297 duramentum
817 1235 1025 1320 praestare,
1063 1231 1210 1323 ipsaque
1230 1225 1345 1298 forma

140 1326 306 1418 praestiti
331 1323 435 1414 hujus
463 1324 658 1398 duramenti
685 1325 791 1398 Libro
821 1326 936 1418 Regio
966 1330 1076 1399 inseri
1104 1327 1148 1398 de
1166 1327 1279 1399 verbo
1299 1327 1344 1397 ad

144 1424 292 1499 verbum
310 1425 447 1497 debeat.
476 1427 651 1498 Tanarum
668 1449 732 1522 pro
758 1426 827 1497 hee
843 1425 1017 1499 beneficio
1038 1428 1208 1523 depensis
1228 1430 1345 1502 serius

145 1528 287 1600 nonnisi
313 1526 461 1600 invaluit
491 1530 546 1618 ⁰),
574 1538 676 1600 aucta
695 1526 842 1600 subinde
873 1523 931 1617 d),
960 1529 1133 1626 simulque
1160 1528 1344 1602 beneficiis

147 1627 400 1701 aeclesiasticis
433 1627 626 1702 seeundum
654 1629 792 1703 classes
820 1630 1049 1702 accomodata
1080 1633 1135 1720 ⁰),
1159 1633 1261 1722 juxta
1279 1652 1345 1702 re-

148 1733 384 1804 centissimam
418 1729 535 1823 legem
566 1729 597 1822 ¹)
639 1729 958 1804 inarticulationem
995 1737 1106 1830 ipsam
1137 1732 1342 1829 praecedat,

149 1843 299 1925 eportet.
388 1861 394 1868 ·

665 1957 703 2041 ὃ.
733 1957 819 2027 271.

553 2080 613 2150 De
637 2081 939 2172 Lepr'te‘metr‘eee.

249 2201 410 2274 Parentis
439 2200 613 2276 Nobilitas
641 2201 685 2274 ad
710 2205 889 2296 legitimos
917 2202 1033 2276 selum
1061 2201 1238 2278 haeredes
1268 2225 1346 2274 cum

147 2313 306 2376 transeat
327 2305 456 2395 (258),
474 2303 634 2377 Prolibus
663 2304 846 2398 illegitimo
866 2303 969 2376 thoro
988 2309 1105 2393 natis,
1124 2307 1193 2377 nisi
1213 2305 1345 2378 subse-

149 2427 217 2501 que
234 2405 496 2498 legitimentur,
534 2406 717 2500 suffragari
744 2429 816 2478 non
843 2415 972 2503 potest.
1011 2406 1050 2479 In
1077 2405 1256 2499 Hungaria
1276 2407 1344 2479 duo

149 2515 281 2580 tantum
307 2505 402 2578 modi
431 2506 564 2582 liberos
601 2508 804 2602 illegitimos
830 2509 1049 2600 legitimandi
1076 2512 1213 2604 recepti
1242 2517 1352 2581 sunta

149 2631 214 2704 per
233 2607 453 2702 subsequens
472 2608 743 2698 Matrimonium,
772 2631 895 2703 acper
913 2609 1139 2702 Privilegium
1157 2611 1344 2704 Principis,

150 2713 209 2805 qui
227 2710 593 2805 potiusAdoptionem
612 2715 713 2807 sapit.
726 2711 840 2782 Priori
857 2713 996 2783 ratione
1014 2713 1199 2804 legitimati
1212 2733 1344 2804 quem-

150 2811 334 2882 admodum
360 2814 398 2882 in
421 2813 581 2886 omnibus
610 2834 681 2908 pro·
700 2814 817 2899 veris,
841 2813 970 2902 justis,
999 2823 1035 2884 et
1067 2814 1235 2906 legitimis
1253 2813 1345 2884 hae-

149 2911 291 2984 redibus
310 2911 481 2985 habentur
510 2916 559 3004 ⁸),
586 2917 633 2986 ita
652 2914 733 2996 hinc
751 2931 976 3008 consequens
995 2925 1063 3002 est,
1090 2914 1185 3009 quod
1201 2917 1238 2986 in
1255 2936 1345 2987 ver-

149 3013 203 3085 bis
232 3014 466 3106 „legitimi
493 3014 758 3103 haeredes“
784 3017 911 3087 litteris
937 3015 1216 3110 privilegialibus
1235 3017 1347 3086 inseri

151 3113 286 3204 solitis,
315 3117 456 3186 omnino
486 3115 825 3212 comprehendantur
854 3117 1014 3211 perinde,
1043 3121 1142 3187 acsi
1171 3117 1346 3205 exjustis

150 3217 281 3313 nuptiis
298 3219 372 3286 nati
399 3200 562 3289 fuisselrt.
590 3217 685 3289 Idem
705 3219 820 3291 sentio
841 3216 884 3289 de
902 3218 1008 3312 plena
1025 3217 1280 3310 legitimatione
1299 3237 1347 3288 ex

151 3320 265 3411 gratia
283 3316 469 3410 Principis,
498 3339 588 3411 puae
612 3318 696 3390 Jura
715 3318 869 3391 familiae
888 3319 1020 3409 tribuit,
1048 3328 1103 3392 ast
1120 3340 1191 3391 non
1210 3317 1346 3389 adver-

152 3437 213 3492 sus
233 3419 499 3491 successionem
514 3417 704 3491 haeredum
721 3420 958 3510 legitimorum
988 3420 1037 3509 ¹¹),
1058 3442 1105 3491 ex
1121 3431 1246 3492 natura
1263 3419 1346 3490 Pri-

151 3521 294 3614 vilegii,
320 3540 447 3592 verum
472 3519 577 3593 Fiseo
604 3531 737 3592 tantum
756 3518 935 3616 decerpit,
962 3519 1067 3614 idque
1095 3541 1159 3614 pro
1179 3538 1349 3590 mensura.

150 3625 274 3713 regiae
311 3619 571 3714 Liberalitatis,
611 3623 659 3697 ibi
684 3619 873 3710 delinitae,
912 3623 1013 3714 cujus
1043 3620 1154 3695 solius
1183 3630 1260 3712 est,
1300 3617 1345 3692 de

148 3723 229 3812 jnre
250 3744 351 3813 suo,-
365 3733 530 3817 quantum
550 3722 662 3818 velit,
691 3722 831 3797 cedere.

145 3839 365 3858 *ιι-...ι-

182 3895 206 3950 ⁸)
227 3889 303 3945 1542.
323 3894 365 3948 50.
381 3895 472 3949 Diaet.
490 3897 554 3950 Poe.

181 3961 210 4024 ¹²)
230 3966 308 4016 1550.
326 3965 368 4016 77.

183 4031 210 4094 ⁶)
230 4036 307 4086 16⁸7.
325 4035 368 4085 26.

183 4097 211 4165 d)
231 4102 308 4156 1741.
326 4100 370 4156 41.

182 4171 306 4303 atrae
325 4176 366 4295 a·
421 4253 423 4256 -

183 4313 211 4375 e)
232 4314 333 4365 fluenti
351 4313 378 4364 ln
396 4310 523 4374 Tyrocln.
540 4312 600 4363 Jur.
619 4309 700 4376 buog.
716 4310 744 4362 1..
762 4308 787 4360 2.
798 4306 853 4357 Tit.
873 4301 917 4358 49.

182 4380 551 4448 onnamecmc
1056 4445 1102 4520 13
1130 4437 1154 4488 p
