3158 4864
211 171 308 282 me

293 392 331 436 ox
358 372 422 436 ritu
451 371 608 436 Eoolesiae
637 375 829 450 eouseorati,
870 372 1044 437 redduntur
1074 373 1196 456 quidem
1230 372 1336 436 idonei
1365 375 1404 435 ad

293 479 407 522 munus
430 477 552 521 ssorum
574 457 776 522 Antistitibus
799 463 961 540 proprium
985 462 1063 536 rite,
1097 479 1132 523 ao
1154 457 1257 523 valide
1280 460 1404 522 obeun-

294 547 385 612 dum:
427 545 653 625 praerogativis
692 554 793 606 tamen
825 547 972 609 civilibus
1002 546 1188 609 Praesuium
1223 545 1404 627 Hungariae

291 650 485 716 nequaquam
501 629 658 708 fruuntur,
682 650 779 712 neque
800 631 890 695 ullibi
901 634 1013 695 borum
1027 633 1059 695 in
1073 633 1154 694 serie
1170 641 1349 714 comparent
1363 631 1403 716 ⁸).

761 798 769 814 .
801 745 884 817 165.

456 869 488 940 Α
515 869 638 959 Βορέα
663 745 867 958 Μαξεειαιε
888 876 1153 963 profitebantur.

310 990 407 1076 Quae
437 1010 514 1062 eum
545 994 592 1063 ita
623 997 703 1082 sint,
741 997 907 1089 quoniam
933 994 1135 1067 Nobilitatis
1165 990 1405 1066 conferendae

205 1091 270 1164 Jus
295 1097 477 1188 proprium
504 1103 560 1165 est
589 1093 725 1187 Regiae
750 1095 948 1186 MaJestatis
979 1097 1028 1189 ¹²),
1055 1095 1177 1168 Eidem
1206 1097 1310 1166 otiam
1336 1092 1405 1164 Uni

206 1194 325 1267 Status
344 1193 509 1289 proddria
525 1198 564 1266 in
583 1199 738 1292 aooeptis
757 1198 948 1271 referenda
975 1201 1085 1273 venit.
1131 1197 1287 1292 Indeque
1314 1215 1404 1291 pro-

205 1298 317 1390 prium
336 1304 453 1367 manet
471 1293 722 1369 constitutioni
740 1303 870 1391 avitae,
899 1323 967 1374 nee
984 1302 1089 1372 ullam
1106 1303 1233 1395 recipit
1252 1305 1402 1370 contro-

79 1411 83 1417 ’
206 1401 376 1488 versiam,
396 1403 557 1493 cooptari
575 1402 611 1470 in
639 1422 881 1499 quameunque
900 1405 1023 1476 borum
1042 1403 1202 1476 'classem
1228 1401 1402 1472 neminem

203 1521 355 1593 unquam
381 1503 566 1594 potuisse,
604 1506 718 1575 nisio
746 1504 865 1598 Rege:
894 1529 962 1578 nee
991 1505 1093 1576 alitor
1125 1523 1332 1596 quemquam
1360 1498 1403 1571 ad

205 1599 307 1690 bano,
334 1601 395 1673 vol
423 1601 517 1671 illam
534 1605 726 1697 pertinere.

756 1781 764 1796 .
796 1730 879 1802 166.

567 1813 679 1939 Quod
699 1728 802 1926 ul§tra
828 1853 1049 1929 illustratur.

308 1976 473 2051 Proiecto
493 1977 636 2074 bitteris
654 1980 764 2074 Regis
794 1980 1013 2072 solennibus,
1042 1999 1129 2076 quas
1156 1975 1401 2052 oollatio-

204 2081 333 2154 nales
359 2101 547 2172 vocamus,
588 2082 762 2172 Praelati,
799 2083 1044 2178 Proceresque
1064 2083 1240 2176 dignitarii
1259 2099 1398 2150 renun-

207 2185 357 2256 oiantur:
386 2183 570 2277 Magnetes
600 2188 710 2258 nativi
729 2184 827 2273 fiunt,
856 2189 970 2257 exteri
995 2186 1238 2278 indigenatum
1264 2181 1400 2274 aecipi-

203 2295 276 2373 unt,
305 2295 341 2356 et
359 2289 504 2382 insuper
522 2287 669 2358 articulo
690 2287 868 2376 comitiali,
898 2310 944 2359 ex
961 2288 1071 2380 Regis
1101 2304 1280 2358 consensu
1308 2303 1401 2352 oon-

203 2386 288 2476 dito,
315 2389 527 2460 inseruntur.
555 2386 702 2462 Nobiles
722 2391 853 2462 caeteri
874 2390 988 2483 Regia
1007 2389 1210 2475 donatione,
1238 2383 1299 2457 vel
1317 2382 1396 2453 Lit-

202 2489 289 2560 teris
310 2489 467 2578 ejusdem
485 2490 703 2579 Armalibus3
732 2491 892 2581 Liberae,
913 2491 1119 2586 Regiaeque
1139 2485 1325 2573 Civitates,
1358 2505 1399 2552 an

201 2588 389 2665 Districtus
407 2593 526 2665 itidem
546 2591 690 2665 obtento
709 2593 819 2688 Regis
849 2594 1017 2665 duntaxat
1044 2591 1237 2682 Privilogio
1268 2605 1399 2658 erean-

202 2700 271 2783 tur,
299 2694 355 2764 oui
374 2716 548 2788 agnomen
576 2693 988 2768 elibertationale
1015 2694 1235 2766 adhaeserat

309 2919 381 2992 Cui
402 2923 571 2991 uerberat·
589 2818 783 3006 fidelttrfftie
791 2818 990 3008 1213ma92'0
1020 2915 1287 3007 obserabantur.

304 3041 422 3116 Status
443 3052 571 3132 autem,
592 3051 628 3115 et
647 3040 796 3115 Ordines
814 3042 1005 3113 universos
1024 3038 1189 3132 homagio
1219 3035 1396 3110 fidelitatis

201 3143 292 3236 Regi
311 3165 389 3233 suo,
419 3165 613 3239 sacraeque
632 3143 748 3238 Regni
767 3141 945 3233 Coronae,
973 3141 1102 3215 nullius
1133 3142 1278 3213 alterius
1304 3136 1396 3209 fide·

201 3245 300 3318 litate
320 3245 444 3336 salva,
473 3247 598 3340 quavis
628 3256 743 3318 aetate
775 3246 970 3338 obstringi,
1009 3246 1077 3317 etsi
1105 3254 1228 3316 natura
1255 3241 1397 3334 Imperii

199 3367 273 3418 non
292 3367 412 3418 seeum
431 3346 555 3436 ferret,
583 3356 726 3442 praeter
744 3347 983 3420 Verbdouium
1014 3348 1060 3438 ⁰),
1089 3355 1125 3418 ot
1152 3346 1242 3418 uliae
1269 3359 1397 3415 numo-

201 3469 309 3521 rosae
335 3448 438 3541 leges
469 3443 502 3539 ἃ)
533 3448 665 3522 diserte
692 3448 961 3546 praescribunt,
991 3458 1027 3522 et
1053 3468 1156 3522 nemo
1184 3463 1273 3516 unus
1301 3440 1395 3511 hun-

200 3549 321 3644 garico
341 3548 433 3622 haud
451 3550 613 3647 indignus
634 3556 806 3645 sangvine
825 3550 886 3626 vel
904 3554 940 3624 in
970 3548 1109 3622 dubium
1137 3541 1322 3618 revocabit
1339 3539 1394 3632 Ὅ.

198 3652 335 3726 Morem
353 3656 510 3747 priorum
528 3664 736 3749 temporum,
755 3663 933 3748 uteunque
953 3652 996 3722 ad
1008 3645 1265 3720 Fordinandum
1283 3665 1395 3739 usque

197 3752 225 3824 Ι.
257 3753 289 3843 ·)
318 3761 517 3843 retentum,
543 3765 583 3825 ut
611 3753 730 3830 Status
759 3757 951 3828 occasione
979 3749 1221 3822 coronationis
1249 3746 1318 3819 boo
1336 3749 1395 3842 ip-

190 3871 417 3892 *ιιι-ιιι·-

226 3921 253 3988 ·)
272 3924 333 3977 vtd.
349 3923 443 3977 Diaria
462 3924 641 3980 comitiorum
657 3933 687 3981 ot
705 3925 843 3981 schemat.
860 3925 883 3979 1.
899 3885 968 3990 fleg.
983 3921 1076 3988 flung.
1101 3918 1245 3989 quotannis
1269 3918 1312 3974 edi
1330 3932 1397 3971 eon-

233 4060 263 4128 b)
279 3999 352 4117 ἵζει
360 4065 381 4116 1.
401 4069 432 4118 u.
451 4063 476 4117 ³.
611 4039 614 4044 ’

229 4135 253 4193 ⁶)
272 4135 302 4187 P.
324 4138 347 4186 1.
366 4139 397 4187 tt.
417 4135 458 4186 12.
483 4133 512 4182 P.
531 4135 556 4186 3.
576 4138 605 4186 tt.
626 4137 650 4189 5.

230 4203 258 4267 d)
275 4205 337 4256 vio.
356 4206 445 4256 instar
462 4206 580 4255 omnium
600 4205 675 4256 ¹791.
693 4205 718 4256 3.
1326 4211 1329 4218 ’

229 4275 254 4338 ο)
275 4275 353 4398 gon}
373 4274 547 4410 littglgiuad.
566 4278 635 4341 fleg.
655 4275 687 4326 ad
707 4275 766 4328 Gir.
785 4272 998 4327 Caesariensem
1019 4285 1061 4337 ap.
1081 4271 1219 4339 Raprtnay
1236 4269 1310 4322 Hlat.
1332 4267 1394 4390 Dio.
