3138 4858
259 402 343 484 qaod
365 401 515 466 haetenus
536 401 662 466 unicum
686 397 796 464 codici
819 399 990 466 domestico
1019 401 1173 466 insertum
1196 405 1314 478 exstet,
1337 399 1372 464 in

257 488 446 552 authenticis
479 489 611 568 peribus
643 491 682 552 ad
712 505 747 548 se
781 487 965 567 dimissum,
998 488 1118 569 aliquot
1151 487 1372 564 comitatuum,

257 575 418 657 Regnique
436 573 583 638 croatiae
598 576 736 640 Archiva
752 581 948 640 conservant.
972 573 1081 637 Exstat
1096 584 1260 654 praeterea
1270 572 1373 636 simile

257 660 290 723 in
313 660 436 740 privato
461 660 599 725 lamiliac
623 662 829 744 Gorgeyanae
851 660 1017 738 tabulario,
1040 660 1167 724 indubie
1189 669 1280 724 antea
1303 659 1371 724 Oo-

258 747 386 809 mitatus
409 747 629 826 Soepusiensis
646 747 688 832 ⁸).
712 745 890 826 Dispositio
913 746 1011 828 igitur
1033 747 1154 808 tardior
1168 747 1220 829 l‘),
1244 755 1277 808 ut
1300 746 1372 808 sin-

258 831 343 914 gulis
367 829 576 897 comitatibus
612 833 739 916 singula
766 831 900 895 Decreta
930 832 1171 910 submittantur,
1205 831 1291 894 credi
1313 850 1372 912 par

257 926 317 994 est,
339 919 378 980 ad
400 937 535 997 morem,
558 919 613 1001 qui
635 921 716 984 lorte
739 918 893 999 tantisper
914 919 1130 994 interciderat,
1158 919 1372 981 renovandum

261 1003 492 1073 intercessisse.
526 1007 605 1069 Nam
645 1015 675 1070 et
698 1004 824 1068 ‘Mariae
858 1005 994 1088 Reginae
1028 999 1312 1081 confirmatorium,
1345 1011 1377 1067 et

263 1089 457 1171 sigismundi
489 1092 673 1170 Decretum,
704 1093 785 1170 quod
814 1091 918 1154 minus
948 1089 1079 1170 dieitur,
1111 1091 1257 1156 Civitatis
1279 1092 1375 1155 Bart-

263 1176 392 1258 phensis
415 1178 533 1240 scrinio
555 1177 687 1255 illatum,
707 1177 792 1258 Pray
814 1177 930 1242 alicubl
952 1177 1065 1254 innuit,
1089 1195 1122 1240 se
1142 1180 1286 1243 manibus
1306 1179 1374 1242 suia

263 1269 434 1339 tractasse3
468 1272 498 1326 et
530 1262 633 1348 majos
665 1261 806 1348 ejusdem
835 1264 950 1348 Regis,
990 1273 1085 1346 prout
1118 1265 1208 1328 etiam
1247 1265 1375 1344 liberti,
1424 1267 1427 1272 ’

264 1348 403 1414 statibus
425 1349 527 1433 Regni
549 1351 731 1414 sclavoniae
753 1351 896 1431 missum,
919 1351 1033 1415 ibidem
1048 1359 1126 1422 actu
1149 1359 1281 1434 prostat.

698 1542 736 1630 §.
764 1543 850 1616 408.
927 1543 946 1570 ”

427 1690 486 1761 An
506 1686 693 1780 quaedam
709 1690 833 1780 Leges
851 1694 891 1760 tn
907 1691 1139 1779 Hesperio?

280 1835 338 1908 An
355 1835 458 1931 leges
478 1836 522 1922 ‚in
539 1836 655 1910 Patria
678 1843 802 1908 nostra
821 1833 967 1926 dentur,
993 1858 1062 1910 nee
1090 1835 1229 1931 quidem
1254 1845 1374 1912 mutuo

178 1940 316 2032 Regis,
345 1947 381 2010 et
419 1937 545 2036 Populi
574 1939 733 2012 universi
761 1957 911 2011 assensu
941 1939 1142 2011 alterationi
1170 1939 1377 2012 obnoxiae?

178 2044 342 2136 genuinis
368 2040 673 2136 Jurisprudentiae
702 2043 884 2136 principiis
905 2040 1017 2114 solide
1046 2040 1198 2112 imbutus
1215 2042 1279 2114 vix
1298 2064 1377 2112 am-

179 2145 271 2240 plius
302 2151 424 2216 nostra
455 2151 572 2214 aetate
591 2142 835 2235 interrogabit.
875 2142 960 2228 Quis
980 2147 1072 2214 enim
1090 2140 1376 2216 turiseonsulto-

178 2268 255 2317 rum
274 2248 435 2338 ignorat,
463 2245 565 2337 leges
584 2247 758 2339 positivae
780 2245 844 2334 (de
862 2246 941 2316 istis
966 2249 1093 2332 enim,
1109 2267 1182 2316 non
1201 2243 1376 2340 depactis

179 2349 323 2441 utique,
352 2345 634 2433 foederibusve,
654 2347 715 2418 vel
733 2345 776 2416 de
796 2346 912 2436 Regni
932 2347 1198 2418 successionem
1218 2351 1376 2422 attinen-

180 2448 295 2536 tibus,
324 2469 366 2518 ao
385 2444 532 2518 subinde
550 2446 689 2537 legibus
708 2446 813 2516 illatis
834 2448 1033 2538 quaeritur)
1055 2453 1287 2539 auctoritate,
1308 2473 1376 2544 qua
1417 2481 1420 2486 ·

181 2547 398 2636 conduntur,
426 2547 549 2620 eadem
569 2549 675 2618 etiam
692 2549 784 2637 rite,
814 2568 855 2620 ac
872 2548 1030 2642 legitime
1058 2555 1196 2640 mutari,
1217 2560 1276 2622 aut
1295 2553 1376 2624 sui-

180 2652 289 2739 ferri3
316 2671 384 2723 neo
402 2669 512 2743 possa
541 2651 744 2740 cujuscujus
764 2651 904 2723 tandem
934 2655 1015 2724 aevi
1033 2651 1295 2744 legislationem
1314 2654 1376 2726 fu·
1397 2647 1400 2654 ’
1466 2735 1468 2740 ,

180 2764 280 2824 turae
308 2771 467 2825 normam
491 2753 544 2824 sio
561 2750 830 2842 immutabilem,
860 2764 964 2848 atque
994 2763 1173 2826 aeternam
1191 2758 1375 2852 praescri-

178 2853 288 2942 bere,
326 2860 367 2925 ut
392 2852 481 2924 haec
508 2853 617 2950 ligata
650 2855 820 2926 duntaxat
854 2857 1039 2951 potestate
1060 2857 1232 2953 procedat
1265 2861 1301 2930 in
1330 2861 1373 2931 iis

104 3033 106 3036 ,
180 2975 325 3052 nempe,
354 2973 444 3050 quae
463 2954 508 3029 ad
525 2976 745 3028 communem
762 2954 912 3030 salutem
929 2958 1143 3032 referuntur.

706 3185 742 3272 §.
770 3187 856 3261 409.
920 3177 923 3184 ’

536 3333 802 3408 Ioolterabe'lee
822 3341 1023 3410 excitant?

176 3573 179 3582 ¹
282 3481 467 3558 sustinere
485 3483 644 3555 nonnulli
662 3483 853 3572 volebant,
881 3484 1038 3577 lllaj0res
1065 3497 1209 3562 nostros
1229 3496 1376 3560 contra-

180 3589 270 3660 rium
299 3589 484 3676 statuisse,
512 3586 617 3680 idque
647 3609 666 3657 e
694 3591 892 3683 pervetusti
920 3589 1099 3679 cujusdam
1123 3592 1268 3663 Decreti
1284 3613 1376 3664 ver-

179 3691 233 3762 bis
265 3690 321 3778 ⁶):
353 3698 414 3778 „ut
439 3688 535 3759 nullo
561 3709 712 3783 unquam
738 3699 918 3784 tempore,
946 3714 1063 3786 neque
1089 3693 1225 3765 scilicet
1250 3695 1286 3765 in
1304 3716 1376 3766 no-

119 3790 120 3794 ’
181 3811 345 3886 ,vorum
359 3788 497 3882 Regum
527 3791 726 3879 electione,
753 3792 813 3864 vel
832 3791 1095 3884 coronatione,
1110 3795 1188 3868 ,sed
1205 3819 1321 3892 neque
1340 3801 1376 3869 in

168 3896 363 3987 '„Diactis,
392 3912 456 3962 seu
481 3889 826 3985 Congregationibus
858 3896 1084 3987 generalibus
1114 3897 1301 3994 quidquam
1330 3924 1377 3971 ex

183 3996 276 4088 „illis
307 3993 506 4085 (articulis)
536 3997 702 4085 variare,
740 3995 801 4068 vel
835 3999 1018 4070 immutare
1052 3997 1194 4072 liceat.“
1243 4001 1376 4075 Verum

183 4169 383 4185 ffl

208 4233 235 4298 ⁸)
255 4236 324 4286 Vide
338 4235 470 4292 animadv.
489 4235 516 4286 in
532 4237 585 4286 dua
605 4237 674 4302 publ.
695 4239 874 4305 Groaslogeri
889 4253 913 4304 p.
927 4241 988 4292 211.

208 4318 333 4398 ilidii.
352 4322 401 4398 31.v
1035 4317 1036 4320 ’

215 4403 240 4473 ⁰)
259 4404 336 4464 1486.
355 4407 477 4466 confirm.
496 4409 555 4467 Art
574 4410 617 4465 to.
701 4425 705 4432 ·
731 4459 734 4464 .
