3122 4852
1167 179 1169 183 ’
1279 227 1350 300 ros

464 428 469 439 ·
568 392 751 486 ,caprae
773 390 910 465 xm·

147 543 201 630 be
227 545 423 634 lontibus
449 545 680 632 Reditnnm
712 543 1003 656 publicorum,
1039 518 1080 630 ir
1115 546 1264 654 speeie
1300 545 1347 633 de

518 687 522 696 ·
587 648 718 735 Bonis
744 647 942 773 reglis.-

668 829 706 914 §.
736 829 821 902 565.
852 845 855 852 '

434 977 576 1054 Fontes
602 978 802 1054 Bedriacum
824 979 1077 1090 publicorum.

249 1153 329 1241 Tot,
356 1162 392 1225 et
415 1159 510 1224 tanta
530 1153 743 1242 securitatis,
771 1150 1022 1245 felicitatisque
1041 1149 1234 1221 communis
1253 1171 1346 1221 con·
1407 1240 1409 1244 ι

148 1253 358 1342 servandae,
388 1277 430 1325 ac
446 1253 712 1351 promovendae
730 1252 906 1343 remedia,
935 1252 1105 1324 hactenus
1132 1253 1347 1350 percensita,

142 1359 227 1439 sine
246 1354 456 1428 notabilibus
476 1358 617 1428 omnino
637 1355 902 1452 erogationibus
921 1356 1106 1450 procurari
1131 1359 1167 1427 in
1185 1363 1348 1448 promptu

57 1464 60 1470 '
149 1457 290 1547 baberi,
336 1467 441 1552 atque
477 1457 633 1529 adbiberi
662 1458 705 1530 de
740 1469 900 1554 tempore
938 1455 1137 1528 nullatenus
1173 1465 1348 1550 possunt3

149 1569 292 1654 oportet
324 1561 431 1653 igitur
453 1559 622 1634 summum
640 1561 826 1656 Imperium
854 1560 1070 1631 necessariis
1101 1556 1144 1628 ad
1176 1557 1258 1629 illas
1287 1555 1349 1629 fe-

147 1661 276 1734 rendas
303 1663 534 1757 proventibus
569 1685 650 1736 esse
681 1668 907 1750 instructum,
943 1663 1001 1755 qui
1029 1661 1250 1754 potissimum
1278 1661 1348 1731 tri-

144 1761 383 1858 plieiefonte
410 1763 634 1838 hauriuntur:
674 1765 700 1838 l.
728 1762 993 1852 Elatiiundiis,
1029 1761 1231 1855 praedia
1268 1784 1346 1856 pu-

23 1913 29 1919 ·
142 1864 269 1936 blica
297 1866 379 1937 alibi
396 1865 491 1938 Juris
514 1867 682 1942 doctores
715 1864 901 1960 aliquando
925 1864 1059 1935 dixere.
1088 1862 1131 1932 ΙΙ.
1162 1860 1192 1931 Ε
1219 1862 1348 1934 rediti-

143 1963 209 2036 bus
236 1966 480 2056 numeralibus,
518 1977 640 2039 nostra
668 1971 773 2038 etiam
803 1965 971 2058 loquendi
1005 1984 1129 2034 norma
1157 1965 1348 2056 regalia

134 2066 342 2156 majora,
370 2070 450 2141 vel·
475 2068 717 2152 coronalia
745 2065 975 2160 compellatis.
1006 2062 1066 2135 lll.
1090 2062 1119 2132 E
1150 2063 1279 2135 tributo
1311 2069 1348 2135 in

142 2166 320 2263 publicum
361 2172 534 2240 aerarium
571 2169 722 2266 dependi
760 2167 877 2242 solito.
935 2167 1025 2238 'l'res
1054 2167 1145 2236 istos
1173 2163 1377 2237 redituum

144 2267 278 2361 fontes,
306 2293 512 2368 quamquam
542 2269 749 2369 frequenter
781 2269 956 2359 succisos,
985 2275 1065 2339 actu
1083 2273 1201 2338 tamen
1221 2287 1346 2341 omnes
1406 2295 1408 2300 ·

143 2380 288 2446 exstare
316 2376 353 2446 in
385 2378 505 2473 aprico
528 2383 594 2448 est.

665 2603 704 2688 §.
733 2602 817 2675 566.

329 2774 390 2845 De
414 2777 533 2863 repta
559 2774 808 2847 Provenu‘bua
829 2779 986 2866 praseae
1013 2775 1158 2844 aetates.

198 3035 200 3039 Ι
245 2942 327 3015 Non
354 2943 542 3024 defuerunt
566 2944 723 3037 Regibus
741 2945 943 3040 Hungariae
966 2946 1010 3017 ad
1039 2965 1149 3017 onera
1169 2944 1345 3041 reipubli-

148 3067 234 3134 cae,
263 3055 298 3118 et
325 3043 498 3141 Principis
530 3046 745 3139 dignitatem,
766 3051 971 3142 regiamque
991 3045 1156 3117 familiam
1177 3069 1255 3117 cunr
1279 3046 1347 3116 de-

146 3168 231 3218 core
273 3146 537 3220 sustentandam
572 3157 769 3243 provcntus
807 3148 912 3244 opido
948 3147 1174 3241 amplissimi,
1221 3149 1347 3243 partim

145 3248 287 3344 publici,
316 3270 483 3342 quorsum
519 3248 653 3322 reditus
692 3250 915 3345 pertinebant
951 3271 971 3320 e
1005 3248 1108 3321 bonis
1138 3260 1346 3336 castrorum,

146 3371 269 3422 eorum
287 3351 436 3441 scilicet,
465 3373 555 3446 quae
583 3353 692 3444 regiis
719 3351 856 3442 juribus
894 3359 1036 3425 servata
1060 3352 1271 3423 exstiterant
1289 3348 1346 3441 ἢ,

145 3453 271 3547 partim
302 3453 444 3525 ebonis
472 3455 636 3546 regnanti
671 3452 824 3525 familiae
851 3456 1018 3551 propriis.
1068 3446 1112 3524 Et
1140 3474 1349 3548 quamquam
1445 3473 1448 3534 j

144 3555 216 3644 jam
238 3552 301 3625 sub
320 3554 357 3629 S.
380 3554 560 3650 Stephano
590 3564 712 3650 aperte
740 3554 904 3629 videatur
942 3553 1130 3627 stabilitum
1158 3573 1264 3644 csse,
1299 3577 1348 3626 ne

146 3654 239 3727 bona
262 3653 418 3730 coronae
441 3655 632 3729 abalienari
652 3656 897 3750 possenttffi
924 3655 1026 3750 lapsu
1045 3659 1215 3748 temporis
1231 3666 1349 3728 tamen

147 3754 240 3829 bona
259 3756 359 3850 hacc,
398 3760 616 3854 reditusque.
632 3758 772 3852 reliqui,
799 3761 997 3853 Principum
1024 3757 1257 3847 liberalitate,
1284 3774 1350 3855 per

146 3859 225 3950 pias
263 3863 399 3933 scilicet
432 3862 658 3932 fundationes
686 3861 880 3950 Ecclesiis,
918 3857 1108 3953 regiasque
1137 3860 1349 3932 donationes
1395 3917 1401 3925 ,

146 3958 373 4036 benemeritis
403 3965 536 4053 factas,
565 3965 761 4056 aliquorum
791 3969 897 4034 etiam
925 3962 1188 4056 prodigalitate,
1217 3971 1253 4032 et
1277 3983 1351 4034 non

145 4082 227 4132 raro
246 4084 311 4156 per
338 4065 501 4137 infideles
525 4065 763 4154 administros,
792 4075 851 4137 aut
870 4065 1022 4135 diversis
1043 4063 1120 4133 aliis
1141 4063 1253 4134 modis
1281 4063 1349 4134 ad-

146 4162 286 4234 modum
307 4166 553 4240 decreverunt.
582 4167 638 4239 Ad
657 4164 726 4236 boc
746 4167 914 4259 deinceps
937 4164 1241 4254 antevertendum,
1257 4186 1349 4260 prc-

146 4266 291 4335 miscrat
316 4267 485 4339 Albertus
512 4277 703 4368 perpetuas
735 4267 981 4356 venditiones,
1009 4275 1045 4337 et
1075 4267 1350 4362 impignoratio·-

146 4385 231 4538 neql
235 4366 366 4456 jurium
388 4370 575 4464 regalium,
604 4379 641 4442 et
669 4389 826 4450 coronae
850 4370 967 4443 locum
985 4368 1136 4464 amplius
1154 4390 1227 4450 non
1244 4365 1349 4445 bobi-
