3158 4864
190 209 261 291 186

186 383 306 479 potius
333 401 483 456 assensu
511 381 548 452 in
576 377 692 475 Regni
730 398 870 477 quoque
898 373 1056 454 Comitiis
1086 382 1118 478 ⁴)
1148 379 1381 473 ratihabitam,

187 490 306 579 ltaque
323 483 431 578 legali
451 484 660 554 auctoritate
676 485 763 555 citra
775 485 1057 554 controversiam
1068 485 1245 573 vestitam,
1258 493 1381 580 aperte
1449 500 1452 511 ·

186 585 363 680 refragari
382 586 572 678 experior3
594 586 752 677 quamvis
770 588 897 656 iterum
913 582 1030 672 ultro,
1047 583 1270 680 libenterque
1289 606 1382 657 con·-

189 691 333 778 cedam,
362 693 553 782 suppetere
571 707 645 756 non
662 685 755 757 levia
773 687 949 756 rationum
967 695 1161 775 momenta,
1191 708 1282 781 quae
1300 709 1382 758 mu-

188 813 254 865 nus
274 791 437 886 supremi
471 783 615 861 Comitis
639 785 910 859 haereditarium
927 789 1090 880 integrae
1120 788 1289 886 deinceps
1307 789 1381 861 Fa·

188 893 304 965 miliae
324 893 448 986 largiri
468 893 582 963 minus
600 889 820 987 persuadere
837 892 1050 989 potuissent.

230 1013 270 1099 ⁸)
292 1014 468 1079 Articulum
489 1015 586 1077 istum
609 1024 727 1094 eontra,
750 1023 841 1096 atque
858 1014 948 1078 multi
966 1016 1262 1080 haetenuserreuee
1280 1013 1383 1081 iuter-

272 1102 493 1182 pretabautur,
516 1101 694 1163 nullatenus
726 1103 768 1163 da
802 1101 953 1163 bonore
983 1100 1179 1166 Comitum
1208 1104 1382 1167 Provin-

196 1211 199 1216 ·
273 1187 459 1264 cialium,
487 1205 556 1250 seu
579 1190 865 1268 Supremorum
889 1186 1090 1251 Comitum
1118 1189 1212 1252 alieni
1233 1188 1384 1254 Familiae

273 1273 446 1355 largiendo,
469 1292 576 1335 rarum
605 1276 642 1336 de
664 1274 869 1337 translatione
891 1273 1066 1338 Comitatus
1096 1276 1211 1358 integri
1233 1296 1290 1358 per
1312 1296 1384 1340 mo-

272 1361 346 1423 dum
367 1358 528 1436 Haeredii,
551 1359 720 1423 dominiive
744 1360 777 1422 in
799 1361 930 1424 alteriue
953 1362 1177 1442 proprietatem
1201 1362 1385 1446 intelligen-

273 1449 346 1508 dum
368 1463 449 1523 esse,
471 1465 560 1508 nemo
584 1447 637 1528 qui
660 1455 814 1510 vetustam
837 1449 925 1509 novit
946 1448 1121 1526 historiam,
1145 1449 1299 1512 dubitabit
1313 1470 1384 1512 am-

273 1532 376 1612 plius,
409 1531 551 1611 clareque
580 1534 612 1594 id
642 1540 726 1611 patet
755 1553 791 1594 ex
822 1533 964 1594 adductis
987 1553 1043 1614 per
1070 1534 1116 1598 M.
1141 1535 1179 1597 G.
1203 1534 1383 1598 Kavaehieb

272 1617 492 1694 monumentis,
515 1615 568 1696 qui
588 1618 703 1698 dignus
726 1625 784 1694 est,
807 1617 896 1679 utin
919 1635 983 1678 rem
1007 1617 1214 1703 audieturl).

737 1801 745 1820 .
775 1753 861 1824 255.

219 1869 221 1873 ’
274 1876 338 1950 Vct
350 1875 507 1960 literae,
536 1896 582 1947 ac
599 1750 768 1964 majaja
793 1876 909 1950 Bulla
937 1897 1057 1950 aurea
1075 1879 1308 1954 aboleverit?

290 2001 386 2073 Idem
405 2000 449 2072 de
467 2001 639 2073 Dominiis
658 2023 730 2074 non
748 2004 870 2096 utique
896 2003 1102 2098 integris
1119 2003 1276 2096 Regni
1302 2000 1386 2076 Oo-

190 2102 439 2178 mitatibus
458 2123 536 2176 oum
552 2103 719 2199 pre'edrie
743 2103 848 2175 liberi
865 2105 1033 2195 maJoris,
1062 2126 1104 2175 ac
1128 2110 1292 2200 perpetui
1309 2102 1386 2179 Co-

191 2210 283 2281 mitis
305 2205 443 2278 collatis
478 2205 699 2278 sentiendum
725 2215 790 2278 est.
820 2205 907 2290 Quis
926 2209 1018 2279 enim
1046 2207 1190 2295 credet,
1217 2206 1253 2278 id
1269 2207 1387 2300 Regni

192 2307 379 2382 Ordinibus
408 2309 569 2400 nuspiam
598 2305 897 2395 reclamantibus,
934 2329 999 2401 per
1027 2307 1147 2378 secula
1177 2311 1385 2381 intemerate

193 2413 405 2497 consistere,
424 2416 484 2479 aut
501 2410 606 2481 novis
626 2429 767 2502 semper
785 2408 958 2502 exemplis
992 2405 1191 2482 confirmari
1208 2413 1384 2506 potuisse,

192 2511 287 2610 quod
313 2507 510 2602 legibus
537 2507 976 2582 fundamentalibus
1006 2533 1027 2582 e
1053 2508 1222 2583 diametro
1251 2511 1386 2612 adver-

193 2617 265 2689 sari
284 2611 503 2685 credebatur.
532 2608 678 2699 Quando
707 2609 809 2684 nobis
828 2633 901 2684 non
928 2611 1054 2685 desunt
1080 2612 1287 2685 documenta
1307 2617 1387 2686 sin-

193 2739 297 2805 cera,
325 2735 415 2810 quae
445 2713 923 2810 comprobant„protidriam
949 2715 1052 2788 liberi
1072 2713 1215 2788 Comitis
1234 2715 1386 2789 illustri-

193 2818 259 2891 bus
278 2817 397 2904 Viris,
425 2813 469 2885 ad
493 2814 668 2890 haeredes
697 2821 946 2907 transituram,
973 2818 1078 2913 plene
1105 2818 1385 2912 petentibus

189 2921 320 3016 ipsis
348 2915 1272 3014 ComitiisperRegesiuissetrihutam,
1293 2943 1387 3016 quo-

190 3044 267 3094 rum
286 3021 433 3093 alterum
451 3021 487 3090 in
515 3019 759 3093 Gubernatore
777 3019 984 3117 Hunyadio,
1012 3019 1159 3094 alterum
1177 3025 1214 3095 in
1235 3021 1385 3096 Nicolao

190 3123 323 3220 Palllyo
354 3121 475 3194 eluxit.
514 3122 568 3192 De
595 3126 788 3216 posteriori
823 3124 1013 3214 articulus,
1050 3122 1165 3196 codici
1192 3124 1386 3198 domestico

191 3230 346 3300 insertus
377 3225 409 3316 ⁰)
431 3221 534 3296 iidem
553 3225 671 3297 solvit.
691 3226 759 3298 Pro
780 3227 890 3321 priori
907 3248 997 3299 vero
1018 3225 1169 3299 adhaec
1188 3229 1393 3320 gentilitio-·
1436 3295 1438 3300 .

190 3351 267 3399 rum
285 3326 486 3420 Magnetum
505 3327 656 3398 classem
676 3326 861 3400 evehendo
882 3338 999 3400 exstat
1023 3328 1249 3425 postulatum,
1264 3331 1386 3424 paucis

191 3429 346 3502 fortasse
366 3429 557 3521 cognitum,
576 3429 824 3502 universorum
837 3429 1160 3526 Regnicolarum*)
1181 3429 1229 3502 A⁰
1264 3429 1386 3519 1453,

190 3533 336 3606 Posonii
355 3540 673 3625 congregatorum,
702 3531 745 3604 ad
762 3532 899 3628 Regem
917 3533 1126 3607 ladislaum.

235 3671 322 3758 *)lt
352 3675 519 3754 prolixiori
558 3677 768 3743 Instrumenta
790 3678 844 3764 d),
878 3699 939 3762 quo
972 3679 1082 3760 petitio
1113 3677 1176 3739 ista
1208 3677 1247 3738 ad
1273 3675 1389 3760 Regem
1511 3703 1514 3706 ·

278 3759 446 3841 dirigitur,
480 3761 632 3840 sufficiet,
674 3784 751 3846 quae
780 3774 972 3846 sequuntur,
1005 3779 1184 3844 excerperet
1218 3761 1389 3840 „Veientes

278 3846 399 3928 „igitur
421 3846 520 3908 eidem
542 3846 677 3912 Domino
698 3851 919 3928 Gubernatori,
942 3849 1036 3920 sicuti
1052 3848 1115 3928 ipsi
1137 3865 1212 3910 auae
1228 3846 1389 3912 electionis

278 3933 332 4012 „in
356 3931 602 3998 Gubernatorem
636 3944 775 4018 tempere
809 3944 938 4019 sponte,
971 3932 1171 4016 unanimique
1205 3941 1278 3997 voto
1308 3954 1395 4016 pro--

191 4046 403 4062 ψ-

221 4089 248 4146 ⁸)
268 4091 345 4142 1687.
366 4093 408 4145 10.

222 4159 581 4224 b)1ujusu.oronunn.vcr.
605 4163 721 4229 legislat.
747 4164 829 4228 hung.
855 4166 930 4218 sect.
958 4168 984 4219 l.
1009 4163 1085 4217 Mon.
1104 4165 1129 4216 l.
1154 4177 1181 4231 p.
1204 4157 1245 4214 15.
1269 4187 1304 4198 -
1323 4161 1390 4215 item

273 4231 362 4292 eiusd.
379 4235 455 4284 notit.
468 4232 595 4285 Comitat.
608 4250 633 4300 p.
650 4235 693 4288 65.
710 4238 740 4284 ct
758 4248 816 4299 seq.

227 4301 252 4356 ο)
272 4301 349 4354 1599.
369 4300 411 4354 ts.
429 4301 452 4368 d.
469 4301 496 4356 d.

203 4417 205 4422 .
224 4366 252 4438 d)
271 4371 347 4434 Quod
354 4378 451 4441 ,curat
465 4375 495 4428 tn
513 4371 660 4439 Diptemat.
677 4367 892 4438 Sadebdnylaao.
