3138 4858
332 415 531 485 innocentum
553 413 811 482 existimationem
835 416 976 496 laedere,
999 425 1030 482 et
1052 416 1230 501 vituperiis,
1252 417 1320 482 sine
1343 417 1445 500 proba

331 507 484 587 prolatis,
506 504 681 587 ambiguam
704 505 850 581 reddere,
881 505 941 567 etsi
965 507 1096 568 maxime
1119 505 1250 582 vellent,
1276 523 1339 568 non
1361 521 1445 585 pos-

332 591 421 655 sint?
445 590 556 654 Utrum
579 609 655 654 vero
677 589 875 669 repressius,
897 593 970 652 dom
993 593 1224 655 deterrentibus
1246 591 1356 672 poenis
1381 591 1444 652 ob-

333 677 418 736 riara
441 685 589 753 conatur,
612 676 693 738 mala
715 675 893 756 divulgata,
924 695 1002 754 quae
1025 696 1086 740 non
1110 678 1231 739 radices
1254 678 1364 752 modo,
1386 678 1444 738 sed

331 762 529 842 perniciosos
552 782 673 844 quoque
696 761 817 824 tructus
840 761 960 839 passim
979 760 1045 846 jam
1068 763 1281 844 protulerant,
1312 761 1444 825 annihi-

331 845 396 906 lare
420 848 555 926 amplius
578 845 707 927 nequit?
730 846 808 907 hanc
831 879 871 890 -
889 847 1013 926 inquam
1031 883 1070 894 -
1091 847 1302 930 quaestionem
1321 856 1444 909 utrana-

331 949 389 1009 que
412 930 443 993 in
468 941 586 1013 partem
609 931 764 1012 prolixius
787 931 944 993 discutere
966 933 1005 993 ad
1037 931 1335 1014 historiographiam
1351 931 1444 994 duris

330 1017 462 1095 positivi
485 1021 588 1080 minus
612 1017 763 1096 pertinet,
786 1013 877 1098 cajus
901 1025 968 1092 est,
990 1017 1064 1098 quid
1087 1027 1232 1081 moneant
1254 1019 1338 1100 leges
1360 1027 1444 1095 actu,

331 1102 404 1180 quid
428 1103 503 1166 olim
527 1103 701 1177 voluerint,
724 1099 877 1183 lidedigna
899 1123 1086 1181 ennarrore,
1116 1105 1286 1186 probisque
1308 1104 1444 1179 firmare,

330 1205 392 1248 non
416 1189 509 1250 unius
532 1208 607 1268 prae
628 1187 728 1248 altero
755 1189 976 1268 praestantiam
1006 1190 1154 1271 ampliori
1176 1191 1311 1252 examini
1332 1186 1444 1272 subji-

330 1292 417 1348 cere,
446 1292 537 1353 quam
560 1274 726 1354 aliquando
751 1293 907 1356 exaequo
937 1276 1035 1339 altere
1062 1277 1145 1340 ritae
1167 1277 1323 1358 Magistra
1345 1294 1445 1354 erpe-

329 1359 444 1420 rientia
466 1359 620 1423 libratore
642 1368 701 1428 est.
889 1361 898 1368 '

763 1550 800 1636 §.
821 1553 906 1624 462.

646 1698 736 1767 Cum
763 1695 846 1785 loge
872 1695 1042 1787 poenali.

345 1838 520 1911 Delictum
537 1839 691 1933 poenale
710 1839 754 1912 oh
783 1842 873 1937 preli
904 1839 1048 1912 abusum
1076 1838 1205 1911 mulcta
1222 1842 1441 1934 pecuniaria,

245 1955 281 2015 et
300 1965 444 2013 carcere
464 1939 778 2035 expiandum-nt
790 1943 901 2016 verba
918 1943 1081 2013 conditae
1099 1943 1316 2012 novissimae
1333 1939 1441 2032 legis,

246 2056 281 2117 et
301 2045 460 2116 ordinem
470 2048 850 2137 sequar—committit
868 2054 1004 2133 auctor,
1018 2042 1221 2138 LQui'l'ypi
1233 2039 1441 2113 adminiculo

246 2146 351 2219 aliurn
369 2148 413 2219 ad
432 2146 595 2218 delictum
614 2150 838 2241 provocavit,
856 2157 916 2218 aut
928 2147 1031 2218 simili
1047 2146 1296 2239 provocationi
1309 2163 1442 2215 morem

246 2253 349 2342 gerit.
376 2248 418 2320 ll.
449 2248 515 2334 Qui
533 2249 758 2341 Religionum
777 2248 954 2341 dogmata,
984 2258 1020 2318 et
1037 2246 1271 2318 moralitatem
1289 2242 1440 2322 ludibrio

245 2360 438 2444 exponunt.
468 2349 526 2419 lll.
549 2349 617 2435 Qui
636 2360 759 2422 contra
776 2349 893 2440 Regni
918 2350 1177 2440 integritatem,
1206 2369 1336 2418 noxum
1364 2365 1442 2414 cunr
1562 2413 1563 2434 ,

246 2461 420 2546 regnante
437 2451 622 2546 Dynastia,
643 2454 825 2522 sanctione
844 2452 1059 2544 pragmatica
1078 2447 1350 2535 constabilitum,
1369 2455 1441 2516 turn
1562 2519 1563 2550 ,

245 2553 290 2626 ad
307 2553 500 2628 violentum
527 2553 790 2624 constitutionis
819 2552 1085 2639 alterationem,
1114 2559 1172 2620 aut
1200 2546 1441 2641 denegandam
1562 2631 1563 2634 Ἴ

243 2652 404 2750 publicae
424 2655 623 2724 auctoritati
645 2657 856 2748 petitionem
873 2655 1021 2724 irritant.
1050 2650 1110 2722 lV.
1132 2649 1197 2735 Qui
1216 2652 1387 2741 injuriosa
1404 2650 1442 2718 in
1562 2673 1563 2682 ¹

243 2755 437 2826 Personam
455 2754 590 2846 Regiae
609 2755 805 2847 MaJestatis
826 2755 999 2826 adversus
1014 2750 1175 2843 ejusdem
1188 2749 1443 2824 inviolabilita-

243 2865 336 2944 tem,
364 2854 593 2950 ordinemque
621 2855 834 2930 succedendi
865 2854 1023 2950 profert,
1050 2853 1111 2927 vel
1128 2853 1172 2924 V.
1192 2852 1348 2925 Membra
1373 2871 1442 2922 re-

244 2959 385 3048 gnantis
413 2955 579 3030 Familiae
617 2956 771 3030 offendit.
799 2956 857 3029 Vl.
887 2951 1091 3048 instigando
1129 2952 1301 3029 adversus
1337 2953 1441 3044 regni

244 3057 542 3150 tranquillitatem,
557 3070 668 3153 'atque
688 3058 731 3129 ad
747 3058 832 3130 honi
848 3059 981 3129 ordinis
995 3053 1305 3152 perturbationem.
1324 3053 1442 3124 Deni-

244 3181 312 3253 que
332 3180 446 3252 pocne
476 3158 624 3234 dictatur
649 3159 727 3231 Vll.
746 3159 793 3234 Ob
813 3170 927 3230 actum
946 3157 1249 3230 dehonestationis
1268 3159 1304 3226 in
1321 3155 1442 3226 Jurls-
1562 3245 1563 3248 Ἴ

246 3260 458 3356 dictionem,
486 3273 545 3333 aut
563 3282 693 3357 corpus
712 3260 868 3349 morale,
906 3265 942 3332 in
961 3261 1204 3352 magistratum
1223 3260 1261 3331 vi
1286 3257 1442 3328 muneris

246 3369 424 3453 agentem,
477 3365 514 3433 in
548 3367 721 3459 privatam
756 3366 862 3434 etiam
897 3383 1087 3457 personam
1121 3362 1346 3432 commissum
1392 3355 1440 3444 ⁸).

243 3462 298 3534 De
317 3461 487 3556 peculiari
501 3463 649 3554 judicio,
669 3462 751 3534 huic
769 3463 977 3534 delictorum
996 3463 1131 3559 speclei
1145 3465 1340 3554 assignato,
1357 3454 1443 3546 alibi
1549 3549 1551 3552 ι

243 3568 376 3636 mentio
396 3564 541 3655 redibit,
571 3567 601 3636 si
621 3563 747 3636 author
765 3586 836 3635 non
856 3576 1014 3656 constet,
1042 3585 1193 3658 poenam
1213 3562 1341 3649 editor,
1368 3566 1442 3627 tum
1549 3567 1558 3582 ·

243 3664 335 3759 preli
354 3665 521 3738 'dominus
548 3665 622 3738 luit.
787 3691 790 3696 ’
1216 3691 1221 3700 ·

379 3949 382 3955 ,
760 3870 797 3955 §.
825 3871 911 3944 463.

391 4011 453 4089 Ad
478 4011 765 4104 Tppoqrapboa
795 4029 832 4085 ec
855 4011 1099 4104 Bibliopolas
1126 4027 1291 4084 escensu.

350 4159 621 4260 Typographias
644 4161 717 4249 jam
745 4161 827 4234 olim
852 4163 993 4233 nonnisi
1019 4161 1197 4254 superiori
1215 4179 1292 4230 oum
1311 4165 1444 4229 auuutu

276 4384 301 4445 ι)
321 4383 391 4434 Vide
410 4393 473 4430 mox
491 4378 605 4434 ,citatem
623 4378 717 4445 legem.
