3144 4860
1353 197 1410 274 ’45

216 369 257 425 se
276 345 441 433 Coronae
459 357 705 456 llungoricce,
725 366 829 454 atque
847 359 939 434 bone
954 359 1111 455 legitime
1129 362 1283 456 gestanti
1301 364 1408 439 Prin-

216 457 286 550 cipi
305 459 455 535 subdere
473 465 684 538 voluissent.
704 462 757 553 ll)
777 464 844 534 Per
862 463 920 553 id,
940 463 1034 557 quod
1052 464 1159 560 Belo,
1187 473 1408 560 quantumvis

215 577 288 628 non
314 561 428 653 illum,
455 588 580 638 verum
607 567 713 639 [ilium
747 564 925 638 Andreom
962 563 1182 639 Galicienses
1210 567 1408 662 elegerant,

215 658 452 737 niholominus
462 668 578 761 Regni
596 669 700 760 hujus
719 666 855 739 titulum
873 670 1092 757 assumserit,
1111 668 1295 761 adparere,
1314 669 1408 764 quod

194 807 197 812 ·
217 757 385 836 Galicianr
402 790 467 861 pro
487 768 640 842 familiae
660 791 745 842 suae
770 768 912 864 peculio
940 767 1117 855 habuerit3
1146 791 1353 866 omnemque
1371 775 1408 844 in

216 883 336 937 casum
355 869 596 943 simultaneam
615 875 720 944 etiarn
736 874 919 964 utriusque
937 869 1066 962 Regni,
1079 869 1280 962 Hungariae
1298 873 1406 946 vide-

214 964 313 1058 licet,
326 978 361 1040 et
380 967 535 1044 Galiciae
554 974 824 1069 possessionem
842 971 1059 1044 identitatem
1077 974 1259 1064 regnantis
1271 973 1407 1047 Perso-

216 1089 284 1139 nae
310 1079 454 1162 tantum,
479 1096 551 1146 non
577 1075 672 1148 luris
698 1096 840 1170 quoque
871 1073 1084 1161 ostendere3
1119 1074 1406 1166 quemadmodum

217 1182 379 1266 separata
398 1173 618 1270 Hungariae,
647 1188 682 1249 et
703 1175 895 1247 Bohemiae
914 1175 1039 1268 Regna
1058 1173 1121 1246 sub
1141 1172 1267 1245 eodem
1285 1176 1406 1272 lmpe-

216 1283 317 1344 rante
337 1279 535 1372 exemplum
553 1278 658 1350 bodie
683 1278 865 1373 praebent.
894 1274 964 1367 ΙΙΙ)
994 1275 1214 1348 Galicienses
1232 1299 1406 1371 nunquam

213 1369 360 1446 Comitia
379 1376 579 1472 Hungarica
596 1379 871 1473 frequentasse,
890 1397 963 1447 non
981 1376 1145 1448 tributum
1163 1377 1200 1446 in
1219 1383 1405 1467 aerarium,

213 1494 284 1546 non
303 1499 429 1554 causas
449 1481 493 1553 ad
511 1480 711 1554 Tribunalia
729 1479 930 1572 Hungarica
949 1475 1130 1550 detulisse.

748 1629 786 1716 §.
815 1629 875 1700 27.

539 1759 770 1848 Argumenta
801 1755 1070 1826 antemonet.

205 1893 207 1896 ·
315 1877 533 1968 Argumenta
550 1877 640 1948 baec
659 1877 796 1969 singola
812 1876 891 1946 dum
909 1877 1141 1969 expendenda
1160 1897 1314 1966 resumo,
1333 1897 1405 1947 non

213 1974 360 2068 amplius
381 1979 603 2067 questionem
620 1976 815 2067 ingredior,
835 1997 916 2044 num
935 1981 1058 2062 armis,
1076 1986 1189 2046 utrum
1210 1987 1405 2071 spontanea

212 2075 337 2170 populi
355 2079 564 2147 invitatione
583 2076 760 2163 Andreas,
787 2082 961 2165 regnante
981 2075 1093 2144 adbuc
1112 2077 1272 2162 ejusdem
1291 2078 1405 2149 Geni-

213 2186 303 2264 tore,
323 2175 478 2248 habenas
499 2177 719 2249 Gollcienses
738 2175 1004 2271 capessiverit?
1020 2173 1249 2269 Bogupbalus
1267 2177 1406 2270 quidem

212 2280 474 2350 vetustissimus
508 2278 598 2351 hanc
635 2284 671 2351 in
704 2300 780 2350 rem
817 2278 969 2371 scriptor
1008 2275 1051 2347 de
1078 2277 1204 2369 Regno
1235 2275 1404 2367 Galiciae,

214 2389 341 2473 sponte
370 2379 481 2471 Regis
511 2379 582 2452 filio
603 2380 744 2468 oblato,
773 2376 858 2450 nibil
888 2376 1051 2471 profecto
1071 2387 1263 2466 memorat,
1290 2402 1406 2474 neque

212 2479 297 2550 illud
314 2479 371 2550 bic
397 2480 536 2552 dubium
566 2482 686 2572 solvit,
716 2503 784 2575 qua
801 2481 881 2568 via,
910 2500 1028 2573 quove
1056 2479 1160 2551 modo
1178 2480 1343 2552 Andreas
1363 2479 1407 2552 ad

214 2601 292 2651 eum
311 2581 546 2676 Principatum
563 2583 736 2655 eluctatus
756 2581 830 2654 sit?
851 2579 916 2652 sed
935 2580 1167 2653 evincendum
1183 2591 1309 2670 restat,
1331 2581 1406 2653 Ga-

211 2680 327 2752 liciam
347 2691 544 2776 separatam
561 2687 702 2779 penitus
731 2684 773 2755 ab
791 2680 992 2773 Hungaria,
1020 2683 1189 2775 nulloque
1208 2682 1406 2753 clientelari

212 2803 307 2854 nexu
326 2783 526 2876 colligatam
544 2787 758 2880 perstitisse,
779 2781 873 2878 quod
899 2781 1309 2877 proiecto-Argumenta
1329 2783 1406 2856 Gu-

215 2888 406 2957 stermanni
424 2889 564 2958 minime
583 2889 761 2961 evincunt.

743 3035 779 3121 §.
809 3037 869 3108 28.

643 3163 690 3233 Ie
720 3163 971 3233 Contrarium.

315 3279 402 3352 Peto
431 3283 612 3354 enimvero
639 3283 779 3375 legem,
808 3294 994 3374 statutum,
1021 3281 1083 3356 vel
1120 3280 1245 3355 saltem
1270 3304 1405 3376 morem
1520 3303 1523 3308 ·

215 3383 437 3453 continenter
457 3380 681 3454 observatum
699 3384 781 3454 mibi
798 3388 1001 3472 monstrari,
1019 3388 1056 3457 vi
1075 3386 1174 3475 cujus
1192 3387 1402 3460 Provinciae

215 3482 433 3572 clientelari,
454 3494 512 3554 aut
531 3483 599 3554 alio
621 3503 829 3576 quocunque
857 3485 957 3554 titulo
977 3483 1205 3555 Monarchiae
1223 3486 1403 3576 Hungari-

215 3607 278 3657 cae
307 3586 529 3675 conjunctae,
555 3583 754 3656 immediate
780 3581 1018 3661 tantummodo
1045 3603 1110 3677 per
1137 3582 1273 3675 Regem
1302 3584 1404 3654 Hun-

214 3689 335 3779 gariae
364 3698 570 3760 coronatum
595 3684 844 3779 gubernandae
871 3684 1055 3757 fuissent?
1082 3682 1171 3755 Nam
1190 3694 1272 3756 tunc
1291 3685 1404 3758 solum

215 3798 435 3881 argumento,
462 3793 575 3885 primo
603 3789 685 3859 loco
715 3787 878 3877 adducto,
904 3785 1073 3882 ponderis
1102 3787 1232 3880 aliquid
1249 3789 1402 3860 inesset:

216 3901 251 3960 at
269 3898 303 3961 at
321 3889 498 3963 multoties
518 3890 610 3986 apud
627 3909 706 3978 nos,
719 3900 757 3962 ut
775 3911 866 3962 aevo
885 3889 1001 3960 medio
1022 3888 1104 3961 alibi
1116 3888 1291 3978 Gentium,
1311 3909 1404 3960 con-

213 3995 356 4062 trarium
385 3990 542 4063 obtinuit.
571 3991 742 4063 Novimus
771 3989 814 4062 ab
841 3991 984 4063 Andrea
1002 3989 1029 4060 Ι.
1061 3992 1139 4082 ojus
1157 3988 1258 4061 fratri
1274 3990 1401 4062 Belae:

211 4101 385 4186 regnante
402 4115 491 4164 vero
518 4092 721 4181 Salomone,
748 4090 974 4166 fratruelibus
995 4091 1142 4180 Geisae,
1172 4101 1208 4164 et
1235 4092 1400 4164 Ladisloo

212 4199 348 4266 tertiam
382 4193 582 4287 Hungariae
609 4207 743 4290 partem
771 4193 954 4290 obtigisse.
992 4193 1127 4268 Scimus
1158 4193 1199 4265 ab
1226 4192 1296 4265 hoc
1319 4194 1399 4290 ipso

211 4293 375 4369 Ludislao
394 4291 569 4369 orontium
585 4297 689 4371 Almo
708 4294 853 4392 Nepoti,
871 4297 963 4414 liano
985 4299 1069 4374 item
1087 4319 1166 4372 oum
1189 4293 1401 4378 Dalmatica
