3144 4860
755 441 763 458 .
801 391 861 462 31.

359 515 525 586 Veeuoca
545 511 713 586 Gub'ee'ae
726 389 1079 590 {detruncatione
1090 525 1235 610 rernm.

299 663 469 749 Quantam
489 663 572 735 olim
590 664 625 732 in
642 663 781 734 interna
792 660 961 752 Galiciae,
973 673 1010 737 et
1021 661 1254 738 Lodomeriae
1274 667 1389 740 admi-

187 767 405 837 nistratione
424 764 545 858 Reges
563 766 677 836 nostri
695 775 830 859 partem
856 767 1036 859 ceperint,
1065 788 1157 862 quae
1181 769 1299 863 legum
1316 768 1389 842 ibi-

189 866 275 939 dem
292 869 488 961 vigentium
507 886 584 938 cum
600 864 810 959 Huugaricis
830 867 1005 959 analogia,
1029 868 1145 964 qualia
1170 871 1251 960 jura
1269 875 1412 956 muni-,

139 1045 147 1064 ,
186 968 321 1066 cipalia
347 968 464 1041 locum
490 967 699 1058 habuerint,
728 972 804 1039 erui
831 971 867 1041 in
894 988 1027 1040 summe
1059 973 1207 1043 istorum
1235 959 1402 1044 omnium‘

187 1070 412 1144 obscuritate
440 1070 611 1144 hactenus
637 1091 709 1143 nou
734 1073 859 1165 potuit.
888 1069 928 1141 ld
956 1072 1098 1143 omniuo
1127 1075 1268 1164 exiis,
1295 1097 1387 1169 quae

184 1174 261 1269 ipsi
279 1173 384 1271 paulo
405 1183 486 1246 ante
502 1174 656 1245 veritate
675 1171 764 1242 duce
783 1175 889 1245 tacite
909 1175 1174 1264 concessimus,
1200 1177 1236 1246 in
1266 1179 1386 1271 aprico

186 1285 261 1364 est,
281 1298 354 1348 nou
370 1274 465 1346 illam
483 1271 650 1345 horumce
669 1271 875 1365 Regnorum
896 1275 939 1346 ad
957 1276 1172 1347 territorium
1198 1287 1385 1372 metropo-

184 1375 335 1449 litanum
354 1373 467 1448 fuisse
484 1375 707 1462 relationem,
726 1383 765 1442 ut
784 1377 863 1446 sive
881 1396 946 1467 per
964 1375 1199 1448 immediatum
1217 1375 1385 1450 inflexum

186 1479 225 1548 in
244 1477 519 1572 legislationem,
545 1495 609 1546 seu
629 1473 825 1546 absolutam
853 1476 1035 1568 quamdam
1054 1475 1186 1568 Legum
1203 1477 1385 1569 Huugari-

185 1601 309 1651 carum
345 1579 674 1673 perticipationem,
702 1578 949 1670 incorporatus
987 1575 1123 1666 fuisse,
1158 1581 1384 1672 pronunciari

184 1681 319 1754 valeat.
330 1679 412 1752 Non
430 1702 485 1752 me
502 1678 614 1750 latent
624 1676 764 1772 quidem
779 1676 883 1750 binae
901 1677 1123 1768 donationes,
1135 1679 1180 1750 ad
1198 1700 1383 1752 commou-

185 1782 369 1854 strandum
386 1781 519 1873 Legum
536 1778 813 1871 ilungaricarum
832 1784 1041 1854 exercitium
1060 1802 1081 1852 e
1099 1780 1248 1875 publicis
1267 1781 1383 1876 Regni

186 1881 349 1956 Gemitiis
378 1882 552 1970 allegatae
584 1877 639 1968 ⁴⁵).
676 1879 827 1973 Preyum
853 1887 958 1954 etiam
987 1881 1119 1954 similes
1149 1904 1196 1953 ex
1222 1883 1381 1956 Archino

186 1981 365 2054 Camerali
394 1981 619 2065 extraxisse,
647 1999 720 2048 non
749 2000 824 2050 sum
842 1985 1006 2069 nescius,
1033 1980 1157 2074 quibus
1182 1983 1381 2078 privilegiis

186 2090 365 2170 attamen,
402 2081 541 2150 etiamsi
575 2077 669 2149 bona
702 2075 758 2148 his
785 2077 913 2150 collata
949 2084 1041 2151 intra
1070 2079 1225 2154 Galiciae
1251 2084 1380 2157 limites

185 2185 371 2256 exstitisse
390 2179 543 2274 undique
563 2180 717 2252 evictum
734 2175 843 2272 foret,
860 2199 919 2252 res
939 2177 1104 2254 confecta
1125 2180 1275 2254 necdum
1293 2190 1380 2272 erit,

184 2305 265 2354 oum
284 2292 471 2372 constet,a
490 2281 647 2374 Regibus
661 2278 863 2373 Huugariae
882 2283 918 2355 in
936 2282 1164 2370 accessoriis,
1187 2292 1224 2355 et
1240 2282 1381 2356 berteli-

184 2386 295 2457 ciario
315 2385 415 2457 titulo
436 2381 600 2459 obnoxiis
618 2381 817 2456 Ditionibus
843 2404 956 2480 aeque
975 2383 1186 2460 donationes
1205 2386 1380 2460 interdum

183 2486 298 2560 iactas
316 2484 442 2560 fuisse.

225 2681 741 2853 *tlttttttt,ittttttttt
771 2683 1379 2852 ¹titttitillttttsstitbitt

753 2813 762 2845 θ

267 2857 423 2920 Ludovioi
445 2857 485 2930 l.;
509 2864 539 2917 et
568 2856 695 2917 alteram
730 2873 827 2935 super
849 2863 937 2934 parte
969 2858 1030 2920 vici
1062 2855 1377 2920 Dimitrovicb

267 2944 388 3006 Mariae
411 2943 436 3005 l.
458 2941 691 3023 Palugyaianae
720 2938 857 3002 familiae
881 2943 980 3005 datas.
1010 2944 1129 3008 iutuitu
1152 2962 1282 3025 quarum
1303 2939 1377 3025 jure

269 3029 497 3092 observandum
512 3028 605 3102 veuit,
629 3047 666 3088 ex
687 3026 788 3105 prima
801 3027 979 3093 nullatenus
997 3029 1112 3111 colligi,
1133 3039 1269 3092 oestrum
1287 3028 1375 3090 Mis·-

267 3116 336 3178 sina
352 3133 414 3176 non
431 3113 515 3176 intra
538 3112 731 3194 Huugariae,
753 3133 861 3176 varrum
884 3114 1023 3178 (deliciae
1045 3113 1160 3178 limites
1182 3113 1373 3196 perstitisse,

266 3209 296 3263 et
318 3202 376 3263 boc
405 3199 509 3280 ipsum
539 3198 668 3261 alterius
700 3197 820 3262 ordinis
852 3199 1054 3282 privilegium
1082 3200 1182 3279 magle
1212 3198 1374 3278 probabile

265 3285 378 3358 reddit,
401 3284 481 3346 sicut
504 3285 584 3346 enim
608 3281 762 3367 objectum
785 3283 847 3346 isto
870 3285 1047 3365 posteriore
1068 3284 1225 3363 collatum,
1247 3283 1374 3347 indubie

265 3372 297 3433 in
316 3367 438 3432 (ialicia
460 3370 553 3429 situm
577 3378 652 3444 erat,
676 3367 720 3428 ita
736 3371 863 3432 traditio
886 3391 948 3434 non
968 3368 1033 3456 jam
1056 3368 1306 3453 perHungaros,
1324 3369 1374 3431 vel

264 3475 350 3519 more
372 3453 466 3528 uobis,
487 3454 623 3527 usitato,
656 3455 711 3512 sed
733 3472 807 3532 per
836 3457 966 3519 totius
996 3456 1174 3521 Russiae
1203 3455 1372 3537 capita-

264 3560 395 3615 neum,
437 3537 502 3600 vel
537 3534 837 3613 castellanum,
875 3537 995 3621 juxta
1030 3543 1370 3601 consuetudinem

264 3625 389 3710 Regni
424 3619 593 3689 Russiae
623 3621 764 3702 peragi
787 3622 944 3684 diserte
970 3621 1153 3706 jubetur.
1176 3625 1276 3703 Atque
1299 3624 1371 3686 bine

263 3735 326 3776 une
339 3715 451 3796 legum,
467 3719 497 3773 et
513 3707 770 3772 consuetudinum
788 3707 955 3771 diversitas
971 3709 1163 3774 sufficienter
1180 3710 1309 3790 adparet
1323 3708 1372 3790 ¹³).

263 3799 327 3862 Neo
349 3799 447 3881 igitur
468 3795 554 3859 aliud
576 3795 644 3871 bis,
667 3802 697 3856 et
718 3795 981 3874 subsequentibus
1005 3794 1149 3859 comitiis
1171 3794 1372 3878 postularunt

262 3884 396 3963 amplius
422 3885 540 3960 Status,
562 3892 594 3943 et
616 3879 763 3960 Ordines,
785 3881 850 3943 nisi
871 3890 905 3944 ut
926 3880 995 3964 lege
1013 3881 1197 3959 declaretur,
1221 3879 1371 3959 Galioiae,

262 3979 293 4032 et
313 3968 518 4034 Lodomeriae
539 3967 646 4049 Regna
664 3963 738 4051 jure
759 3967 856 4051 Regis
878 3966 1060 4050 Huugariae
1081 3965 1240 4050 possideri
1250 3963 1302 4054 ὀ).

179 4134 385 4148 Ἥ

205 4217 233 4284 ι)
249 4221 312 4274 vid.
326 4220 391 4270 baec
404 4221 473 4273 Dec.
488 4220 514 4271 lu
530 4222 592 4271 Act.
607 4215 682 4268 Gom.
699 4216 724 4274 d.
739 4217 766 4272 b.
779 4231 803 4274 a.
820 4232 845 4284 p.
861 4221 922 4274 ste.
939 4227 967 4275 et
982 4233 1041 4286 seq.

204 4288 233 4352 ¹²)
252 4291 328 4342 (tout.
345 4292 389 4342 eit.
405 4290 528 4342 ltlaaert.
542 4289 607 4340 bist.
623 4288 684 4338 crit
698 4301 724 4354 p.
734 4285 794 4340 riu.
813 4294 841 4340 et
852 4305 913 4356 aeq.

205 4357 232 4425 e)
251 4362 319 4414 ncta
337 4359 482 4416 comitto
498 4359 575 4417 1807.
594 4357 674 4413 test.
695 4363 723 4412 et
738 4357 817 4412 1830.
