3122 4852
219 233 267 308 ot

215 402 273 477 vis
292 406 451 491 tempore
471 391 610 476 usitata,
638 387 829 462 secundum
849 387 1075 463 indubitatam
1111 387 1306 480 annalium,
1333 414 1406 487 pu-

216 499 453 588 blicorumque
473 491 760 562 documentorum
779 489 895 580 tidem,
914 515 934 562 a
957 490 1126 583 singulari
1144 491 1216 564 divi
1234 491 1405 589 Stephani

216 606 346 697 pietate
365 595 529 691 proprius
547 592 742 685 repetenda
759 595 870 686 venit,
889 615 956 686 qua
973 595 1154 682 incensus,
1181 591 1405 666 christianam

217 702 407 774 doctrinam
436 691 514 764 uelo
539 715 629 765 vero
656 692 854 788 apostolico
873 697 909 764 in
927 694 1054 787 Regno
1084 697 1161 788 ipse
1194 693 1407 768 dissemina-

215 806 279 886 vit,
316 800 420 889 inqne
450 792 553 883 hujus
597 796 803 888 ampliorem
837 800 1130 890 propagationem
1156 795 1404 892 Episcopatus,

216 921 257 972 ac
281 898 381 970 varia
399 893 630 968 Sacerdotum
648 893 807 988 Collegia
835 901 962 986 erexit,
989 907 1094 993 atquc
1123 897 1316 974 liberaliter
1335 897 1404 971 do-

215 1001 311 1072 tavit.
331 995 654 1089 Qnomodocunque
684 1002 777 1068 enim
796 1016 836 1067 se
856 1021 948 1068 nunc
975 1019 1040 1092 per
1057 999 1234 1094 Europam
1256 999 1408 1072 habeant

214 1101 363 1195 Imperia
394 1097 437 1168 ad
459 1098 715 1188 Sacerdotium,
742 1120 845 1192 quam
872 1105 1053 1172 materiam
1088 1102 1238 1194 ingredi,
1274 1111 1311 1174 et
1338 1125 1408 1174 ex-

215 1201 366 1296 splicare
395 1203 615 1294 aproposito
635 1209 759 1272 nostro
786 1201 910 1294 procul
935 1201 1090 1292 recedit,
1124 1203 1264 1276 indubie
1294 1214 1409 1276 tamon

213 1300 411 1398 praecelsis
429 1303 507 1373 istis
526 1302 663 1396 Regum
690 1313 892 1377 nostrorum
921 1304 964 1376 de
982 1305 1171 1400 Religionc
1196 1309 1344 1395 meritis,
1372 1314 1409 1376 et

215 1401 451 1476 dotationibus
477 1404 648 1496 debetur,
685 1405 780 1502 quod
806 1405 943 1496 juribus
965 1411 1058 1480 circa
1094 1405 1203 1481 Sacra
1236 1406 1409 1498 ejusmodi

215 1506 423 1576 eminueriut
445 1505 725 1604 omnitempore,
753 1510 869 1602 qualia
887 1511 951 1582 vix
972 1510 1061 1580 alter
1078 1507 1278 1605 Principum
1299 1507 1407 1584 Chri-

208 1609 407 1703 stianorum
428 1603 589 1677 habebat.

731 1809 768 1897 §.
796 1797 892 1882 477(

362 2061 364 2066 Ι
453 1956 599 2030 Eorum
619 1955 871 2050 fundamento
901 1962 939 2030 tn
965 1960 1175 2050 Hnnporta.

316 2125 523 2224 Supremam
546 2124 639 2199 hunc
675 2127 901 2200 Patronatum
932 2129 1152 2202 Verbdczius
1179 2130 1406 2222 quaternise
1459 2209 1460 2212 Ἴ

212 2230 408 2303 rationibus
427 2231 519 2322 Regi
535 2229 735 2322 Hnngariae
756 2239 958 2324 competere
977 2231 1123 2302 adstruit
1151 2231 1208 2321 ·);
1237 2230 1263 2301 l.
1293 2226 1407 2300 Causa

211 2331 435 2403 fundationis.
464 2331 507 2400 ll.
539 2329 590 2402 Ob
626 2351 750 2402 munus
779 2331 1012 2424 apostolicum
1034 2331 1075 2400 ab
1102 2335 1182 2425 ipso
1209 2333 1406 2422 Protorege

212 2442 423 2526 susceptum.
452 2431 509 2502 Ill.
538 2429 606 2500 Per
623 2430 814 2522 legitimam
838 2427 1165 2527 praescriptionem.
1185 2432 1243 2504 lV.
1273 2431 1407 2503 Econ-

212 2533 407 2606 firmatione
424 2534 554 2622 jurata,
583 2552 673 2624 quae
702 2530 855 2626 desuper
887 2537 922 2604 in
952 2531 1110 2606 Concilio
1144 2532 1408 2606 Constantiensi

211 2637 415 2708 intervenit,
443 2632 565 2703 Kollar
580 2635 691 2728 *initia
711 2635 894 2730 amplioris
917 2634 1021 2725 hujus
1044 2639 1232 2732 potestatis
1252 2657 1272 2706 e
1289 2635 1407 2726 „Litte-

211 2739 260 2806 ris
297 2736 474 2828 Sylvcstri
500 2733 542 2803 ll.
568 2734 781 2825 Pontificis,
818 2736 864 2808 ad
891 2737 1028 2829 Regem
1063 2737 1277 2832 Stephanum
1305 2736 1406 2824 datis,

211 2838 434 2931 processisse
470 2839 616 2930 primum
646 2835 882 2909 affirmaverat
912 2837 970 2928 b),
1027 2849 1149 2911 contra
1189 2862 1291 2936 quam
1326 2842 1404 2932 ipse

209 2945 337 3033 postca
360 2940 395 3008 in
415 2935 559 3026 libello,
587 2939 738 3010 triennio
765 2938 898 3011 tardius
923 2941 1070 3033 vulgato
1101 2942 1161 3031 ⁸),
1196 2953 1232 3013 et
1258 2940 1404 3011 illustris

208 3037 440 3134 Batthanpius
474 3050 661 3112 senserant
691 3035 736 3130 ⁶).
793 3040 874 3113 Non
900 3052 1005 3113 vacat
1035 3041 1142 3113 hasce
1179 3042 1405 3115 velitatioues

210 3151 352 3214 nostras
381 3141 525 3228 facere3
554 3141 682 3212 sufficit
708 3163 784 3214 eam
806 3142 1005 3215 libertatem
1034 3147 1127 3215 omni
1145 3145 1270 3238 procul
1301 3142 1404 3214 dubio

212 3267 290 3317 cum
308 3247 430 3336 regiae
459 3242 638 3335 dignitatis
657 3245 805 3315 exordio
831 3254 946 3338 natam
965 3241 1020 3335 1),
1051 3247 1273 3338 quantumvis
1297 3246 1407 3317 variis

211 3346 384 3418 interdum
408 3342 709 3418 vicissitudinibus
738 3344 843 3435 domi,
877 3344 1037 3440 forisque
1057 3350 1170 3419 enatis
1198 3349 1407 3439 exagitare-

210 3457 287 3536 tur,
332 3446 446 3519 fuisse
487 3443 712 3531 nihilominus
750 3447 935 3542 complexa
967 3447 1166 3544 Principis,
1210 3472 1252 3520 ac
1280 3447 1406 3542 Populi

211 3572 294 3622 cura
326 3552 372 3641 ⁸),
401 3551 484 3643 quin
506 3551 583 3642 pari
600 3551 707 3620 etiam
737 3546 833 3621 Cleri
852 3549 1023 3623 Catholici
1056 3554 1253 3623 constantia
1282 3569 1408 3624 sacrae

191 3648 375 3739 Coronae
395 3652 562 3722 continuo
588 3650 822 3744 vindicatam,
850 3673 892 3725 ac
910 3673 956 3724 nc
984 3653 1046 3725 vcl
1066 3653 1220 3752 'amplius
1250 3656 1287 3726 in
1316 3672 1409 3724 con-

241 3817 267 3882 ¹)
284 3821 315 3874 P.
334 3815 356 3870 1.
376 3825 411 3882 11.
430 3823 472 3872 11.

239 3905 268 3972 l'
287 3904 628 4040 ttttttttt'ttn
652 3907 716 4042 tt·
743 3908 825 4045 ttt
844 3910 1071 4032 *li'lnflllh
1084 3911 1152 4030 “ii
1171 3908 1211 4030 l}
1224 3911 1271 4032 'l‘
1289 3903 1410 4030 ttttt

211 4053 214 4064 '
288 4048 400 4100 Patron.

243 4131 267 4198 ⁰)
286 4136 327 4256 lp?
345 4134 415 4258 pptg.
443 4137 666 4256 cp5prntpsrpet.
694 4133 804 4188 Potest.
832 4135 901 4202 tegis
920 4135 992 4188 circa
1009 4133 1095 4186 Sacra
1121 4135 1218 4201 Apout.
1235 4136 1301 4202 ng.
1320 4131 1410 4196 flung.

319 4240 326 4256 .
381 4219 435 4270 .p.
506 4216 550 4256 ,ο
581 4216 640 4268 seq.

242 4287 270 4356 d)
289 4293 319 4342 tn
340 4291 419 4357 legib.
438 4289 547 4341 Ecclca.
565 4289 634 4355 neg.
652 4290 742 4356 flung.
763 4291 794 4342 Τ.
814 4294 837 4343 1.
858 4303 882 4355 p.
902 4287 960 4342 137.
982 4295 1086 4356 etseq.

239 4375 267 4443 ο)
286 4377 344 4428 Vid.
363 4389 378 4430 c
397 4376 491 4430 multis
509 4376 587 4432 idid·
607 4379 648 4437 15.
668 4372 907 4439 -1550.11.51
927 4376 969 4434 15.
991 4375 1179 4434 1561135·-
1198 4375 1277 4434 1791.
1293 4371 1342 4428 2³.
