3146 4864
237 277 287 353 22

238 438 375 514 tardum
392 443 501 516 tutius
519 441 609 528 fieri,
638 440 709 512 imo
729 437 940 533 subsequam
971 434 1271 508 confirmationem
1291 441 1445 510 ‘neces-

238 543 367 615 sariam
386 545 541 617 evadere
560 561 684 638 posse,
703 562 853 636 pronum
872 550 948 626 est;
976 559 1081 633 quum
1098 536 1304 636 Privilegia,
1332 543 1444 612 etiam

238 647 306 716 rite
326 655 539 742 comparata,
558 643 706 739 perinde
725 641 1029 715 vicissitudinibus
1049 644 1119 712 sint
1140 640 1306 730 obnoxia,
1341 645 1444 714 vim-

157 811 159 816 .
239 767 309 841 quc
337 767 410 819 non
427 770 523 836 raro,
551 748 775 842 quantumvis
793 747 829 816 in
847 766 950 815 usum
967 743 1129 833 deducta,
1157 751 1350 835 vetustate,
1367 767 1443 819 va-

238 850 373 944 riisque
402 850 660 948 impedimentis
679 845 942 942 emergentibus
961 850 1128 920 amittant.

759 1054 796 1141 §.
826 1053 911 1126 352.

735 1205 933 1278 Manatum.

344 1351 549 1428 Generatim
566 1352 656 1426 haee
683 1352 727 1426 de
745 1352 831 1425 Jura
849 1350 988 1447 Regum
1013 1358 1216 1424 nostrorum
1245 1350 1340 1423 eirea
1357 1349 1445 1423 Pri-

240 1460 395 1550 vilcgia,
420 1456 615 1553 horumque
635 1457 840 1546 efficaciam,
878 1467 914 1528 et
939 1456 1096 1548 legitima
1126 1457 1369 1542 consectaria3
1397 1455 1443 1526 de

242 1581 313 1654 quo
330 1561 483 1632 themate
501 1561 584 1632 mibi
614 1559 727 1632 solum
754 1559 924 1631 hocloco
951 1559 1070 1629 dicere
1096 1560 1316 1653 propositum
1352 1567 1440 1629 erat.

241 1664 370 1735 Varias
396 1684 545 1757 namque
573 1662 766 1735 eorundem
792 1663 955 1758 species,
983 1683 1025 1731 ae
1053 1659 1229 1756 disparem
1253 1661 1441 1752 rationem,

242 1767 515 1859 universamque
545 1755 745 1838 doctrinam
771 1785 791 1834 e
815 1765 898 1854 jure
925 1765 1089 1860 privato,
1117 1783 1284 1858 quorsum
1311 1784 1441 1859 reapse

242 1869 409 1963 pertinet,
436 1869 636 1962 petendam,
663 1888 766 1940 nemo
795 1864 900 1940 isthic
916 1904 968 1920 -
986 1886 1093 1965 spero
1111 1903 1163 1920 -·
1181 1889 1201 1937 a
1219 1888 1275 1938 me
1294 1864 1442 1939 deside·
1466 1881 1470 1886 ’

241 1977 382 2043 raturus
401 1979 468 2043 est.
1128 1979 1129 1982 ’

773 2121 810 2208 §.
839 2121 925 2194 353.

359 2259 418 2344 D‘e
443 2273 537 2342 Jure
562 2271 685 2362 Reqto
714 2275 819 2344 circo
843 2273 1022 2346 Honores
1050 2269 1313 2364 conferendos.

344 2414 613 2492 similitudinem
631 2418 781 2512 aliquam
798 2415 905 2489 babet
922 2439 999 2491 cum
1018 2419 1207 2492 collatione
1222 2417 1443 2512 Priviiegio-

243 2537 321 2594 nrm
338 2529 499 2620 potestas
520 2525 737 2593 ornamentis
762 2520 934 2618 publicis,
961 2529 1065 2618 puta:
1094 2521 1301 2615 bonoribus,
1329 2521 1465 2595 titulis

244 2626 514 2713 ecelesiasticis,
551 2623 727 2715 civilibus,
765 2623 985 2716 militaribus,
1025 2628 1273 2721 nominumque
1301 2623 1441 2698 addita-

159 2811 167 2822 ,
242 2731 383 2818 mentis,
414 2725 475 2799 vel
493 2729 598 2800 armis
619 2729 852 2824 specialibus,
890 2736 950 2800 aut
978 2731 1157 2824 equestris
1187 2729 1319 2803 ordinis
1346 2728 1440 2802 bunc

242 2833 279 2900 in
298 2829 402 2901 [inem
421 2831 551 2902 creetis
570 2825 735 2924 Insigniis
753 2832 992 2905 benemeritos
1011 2830 1173 2924 augendi.
1203 2831 1301 2918 Quae
1320 2830 1441 2904 itidem

245 2934 361 3003 omnia
382 2932 474 3024 Regi
495 2937 639 3028 propria
660 2941 760 3024 sunt;
788 2948 867 3006 uam
892 2943 1036 3030 praeter
1055 2933 1168 3028 Ilium,
1197 2941 1256 3008 aut
1283 2933 1439 3010 exilibus

246 3037 482 3113 concessione
508 3032 575 3108 hae
600 3031 780 3134 potestate
797 3054 902 3110 nemo
931 3034 1072 3131 gaudet.

762 3244 799 3331 §.
829 3243 915 3315 354.
988 3259 989 3264 ‘
1100 3291 1103 3298 ·

382 3372 606 3452 Ltbcrrz’ow,
633 3389 713 3442 noo
740 3375 866 3442 tomen
888 3387 1052 3459 prorsus
1081 3371 1301 3445 arbitrario⁴

347 3518 496 3594 Collatio
527 3525 644 3593 tamen
670 3518 759 3591 haee
776 3516 954 3591 liberrima
971 3517 1056 3590 lieet
1074 3542 1094 3589 e
1113 3520 1285 3614 Principis
1307 3519 1442 3619 volun7

242 3634 315 3715 tete
334 3625 516 3719 procedat,
528 3643 601 3696 non
618 3631 736 3694 tamen
747 3642 895 3718 prorsus
916 3621 1099 3692 arbitraria
1111 3619 1179 3692 diei
1197 3631 1339 3716 patest3
1362 3625 1440 3714 quis

245 3731 376 3797 etenim
411 3729 621 3816 negaverit,
648 3724 712 3796 has
737 3725 1033 3796 remunerationis
1063 3725 1204 3816 species
1235 3741 1346 3814 seopo
1374 3741 1440 3792 suo

243 3831 384 3899 minime
402 3844 653 3920 responsurae,
672 3830 743 3898 imo
763 3826 963 3898 evileseere
983 3832 1164 3920 oportere,
1181 3825 1212 3894 si
1229 3823 1329 3910 viris,
1349 3841 1440 3915 quos

242 3931 338 4003 nulla
356 3949 504 4024 prorsus
532 3921 600 3999 nee
617 3931 776 4022 propria,
803 3948 871 3998 nee
888 3927 1145 3999 Antenatorum
1156 3927 1279 3996 merita
1299 3934 1438 4016 ornant,

242 4035 406 4129 praecise
427 4030 470 4100 ad
493 4026 637 4100 lubitum
657 4029 895 4101 conferantur.
926 4026 1130 4102 Cavendum
1155 4031 1255 4101 venit
1280 4029 1440 4126 insuper,

243 4157 290 4206 ne
320 4133 402 4228 quid
420 4135 515 4204 tertii
532 4133 569 4204 in
586 4131 839 4227 praejudicium
856 4140 994 4226 vergat.
1024 4129 1258 4218 Quamobrem
1275 4154 1341 4228 pro
1368 4153 1440 4228 ve-

243 4239 308 4307 tito
344 4235 466 4306 haberi
498 4254 651 4306 neeesse
688 4243 744 4307 est
780 4233 975 4329 quibusvis,
1002 4256 1144 4327 nomeu,
1174 4235 1308 4327 titulos,
1346 4256 1440 4306 arma

125 4381 128 4384 -
244 4336 417 4428 gentilitia
444 4358 509 4432 pro
530 4336 697 4410 arbitratu
726 4359 791 4411 suo
811 4358 1012 4428 assumere3
1041 4337 1241 4414 distinctiva
1266 4338 1440 4412 honorum

245 4439 360 4528 signa,
405 4438 633 4537 ordinumque
672 4441 832 4538 symbola
873 4461 1070 4543 usurpare,
1115 4459 1315 4540 gerereque
1353 4441 1440 4514 citra
