<?xml version="1.0" encoding="UTF-8"?>
<!DOCTYPE html PUBLIC "-//W3C//DTD XHTML 1.0 Transitional//EN"
    "http://www.w3.org/TR/xhtml1/DTD/xhtml1-transitional.dtd">
<html xmlns="http://www.w3.org/1999/xhtml" xml:lang="en" lang="en">
 <head>
  <title>
</title>
<meta http-equiv="Content-Type" content="text/html;charset=utf-8" />
  <meta name='ocr-system' content='tesseract 3.04.00' />
  <meta name='ocr-capabilities' content='ocr_page ocr_carea ocr_par ocr_line ocrx_word'/>
</head>
<body>
  <div class='ocr_page' id='page_1' title='image "./conspectusjuris00czirgoog_0472.png"; bbox 0 0 3094 4868; ppageno 0'>
   <div class='ocr_carea' id='block_1_1' title="bbox 244 260 319 336">
    <p class='ocr_par' dir='ltr' id='par_1_1' title="bbox 244 260 319 336">
     <span class='ocr_line' id='line_1_1' title="bbox 244 260 319 336; baseline 0 0"><span class='ocrx_word' id='word_1_1' title='bbox 244 260 319 336; x_wconf 79' lang='lat'><strong>20¹2</strong></span> 
     </span>
    </p>
   </div>
   <div class='ocr_carea' id='block_1_2' title="bbox 241 421 1450 832">
    <p class='ocr_par' dir='ltr' id='par_1_2' title="bbox 241 421 1450 832">
     <span class='ocr_line' id='line_1_2' title="bbox 243 421 1450 530; baseline 0.001 -27"><span class='ocrx_word' id='word_1_2' title='bbox 243 431 415 527; x_wconf 74' lang='lat' dir='ltr'><strong>pustulis,</strong></span> <span class='ocrx_word' id='word_1_3' title='bbox 443 451 545 526; x_wconf 83' lang='lat' dir='ltr'><strong>quum</strong></span> <span class='ocrx_word' id='word_1_4' title='bbox 568 421 662 502; x_wconf 87' lang='lat' dir='ltr'><strong>VIII.</strong></span> <span class='ocrx_word' id='word_1_5' title='bbox 690 429 875 525; x_wconf 88' lang='lat' dir='ltr'><strong>Pupillaris</strong></span> <span class='ocrx_word' id='word_1_6' title='bbox 894 431 1189 526; x_wconf 73' lang='lat' dir='ltr'><strong>superinspectio.</strong></span> <span class='ocrx_word' id='word_1_7' title='bbox 1210 431 1269 530; x_wconf 82' lang='lat' dir='ltr'><strong>IX.</strong></span> <span class='ocrx_word' id='word_1_8' title='bbox 1291 431 1450 507; x_wconf 91' lang='lat' dir='ltr'><strong>Nobili-</strong></span> 
     </span>
     <span class='ocr_line' id='line_1_3' title="bbox 241 529 1447 627; baseline 0.001 -22"><span class='ocrx_word' id='word_1_9' title='bbox 241 537 323 605; x_wconf 87' lang='lat' dir='ltr'><strong>tutis</strong></span> <span class='ocrx_word' id='word_1_10' title='bbox 341 534 561 627; x_wconf 87' lang='lat' dir='ltr'><strong>legitimatio.</strong></span> <span class='ocrx_word' id='word_1_11' title='bbox 580 531 625 602; x_wconf 79' lang='lat' dir='ltr'><strong>X.</strong></span> <span class='ocrx_word' id='word_1_12' title='bbox 653 529 885 604; x_wconf 87' lang='lat' dir='ltr'><strong>Urbariulium</strong></span> <span class='ocrx_word' id='word_1_13' title='bbox 903 538 1147 626; x_wconf 74' lang='lat' dir='ltr'><strong>quaestionum</strong></span> <span class='ocrx_word' id='word_1_14' title='bbox 1167 534 1342 622; x_wconf 85' lang='lat' dir='ltr'><strong>diremtio,</strong></span> <span class='ocrx_word' id='word_1_15' title='bbox 1364 535 1447 606; x_wconf 88' lang='lat' dir='ltr'><strong>de-</strong></span> 
     </span>
     <span class='ocr_line' id='line_1_4' title="bbox 241 634 1448 730; baseline 0.003 -24"><span class='ocrx_word' id='word_1_16' title='bbox 241 638 346 730; x_wconf 79' lang='lat' dir='ltr'><strong>nique</strong></span> <span class='ocrx_word' id='word_1_17' title='bbox 366 645 532 721; x_wconf 88' lang='lat' dir='ltr'><strong>caetera,</strong></span> <span class='ocrx_word' id='word_1_18' title='bbox 560 654 651 726; x_wconf 90' lang='lat' dir='ltr'><strong>quae</strong></span> <span class='ocrx_word' id='word_1_19' title='bbox 671 636 876 724; x_wconf 84' lang='lat' dir='ltr'><strong>tuitionem,</strong></span> <span class='ocrx_word' id='word_1_20' title='bbox 903 634 964 706; x_wconf 90' lang='lat' dir='ltr'><strong>vel</strong></span> <span class='ocrx_word' id='word_1_21' title='bbox 989 639 1300 710; x_wconf 87' lang='lat' dir='ltr'><strong>conservationem</strong></span> <span class='ocrx_word' id='word_1_22' title='bbox 1324 639 1448 710; x_wconf 45' lang='lat' dir='ltr'><strong>ineo„</strong></span> 
     </span>
     <span class='ocr_line' id='line_1_5' title="bbox 241 733 1138 832; baseline 0.002 -24"><span class='ocrx_word' id='word_1_23' title='bbox 241 736 373 828; x_wconf 87' lang='lat' dir='ltr'><strong>larum,</strong></span> <span class='ocrx_word' id='word_1_24' title='bbox 401 733 578 810; x_wconf 84' lang='lat' dir='ltr'><strong>volfaudi</strong></span> <span class='ocrx_word' id='word_1_25' title='bbox 597 735 901 810; x_wconf 89' lang='lat' dir='ltr'><strong>contributioualis</strong></span> <span class='ocrx_word' id='word_1_26' title='bbox 920 739 1138 832; x_wconf 89' lang='lat' dir='ltr'><strong>contingunt.</strong></span> 
     </span>
    </p>
   </div>
   <div class='ocr_carea' id='block_1_3' title="bbox 593 965 1074 1205">
    <p class='ocr_par' dir='ltr' id='par_1_3' title="bbox 593 965 1074 1205">
     <span class='ocr_line' id='line_1_6' title="bbox 756 965 908 1057; baseline -0.039 -17"><span class='ocrx_word' id='word_1_27' title='bbox 756 971 791 1057; x_wconf 85' lang='lat'><strong>§.</strong></span> <span class='ocrx_word' id='word_1_28' title='bbox 822 965 908 1039; x_wconf 87' lang='grc'><strong>668.</strong></span> 
     </span>
     <span class='ocr_line' id='line_1_7' title="bbox 593 1113 1074 1205; baseline -0.01 -13"><span class='ocrx_word' id='word_1_29' title='bbox 593 1113 674 1192; x_wconf 82' lang='lat' dir='ltr'><strong>Sed</strong></span> <span class='ocrx_word' id='word_1_30' title='bbox 695 1115 794 1205; x_wconf 75' lang='lat' dir='ltr'><strong>Repe·</strong></span> <span class='ocrx_word' id='word_1_31' title='bbox 816 1113 1074 1189; x_wconf 77' lang='lat' dir='ltr'><strong>subordinate.</strong></span> 
     </span>
    </p>
   </div>
   <div class='ocr_carea' id='block_1_4' title="bbox 238 1257 1443 2270">
    <p class='ocr_par' dir='ltr' id='par_1_4' title="bbox 238 1257 1443 2270">
     <span class='ocr_line' id='line_1_8' title="bbox 340 1257 1443 1358; baseline -0.001 -23"><span class='ocrx_word' id='word_1_32' title='bbox 340 1257 395 1335; x_wconf 84' lang='lat' dir='ltr'><strong>Ex</strong></span> <span class='ocrx_word' id='word_1_33' title='bbox 412 1262 467 1335; x_wconf 89' lang='lat' dir='ltr'><strong>bis</strong></span> <span class='ocrx_word' id='word_1_34' title='bbox 485 1270 689 1358; x_wconf 86' lang='lat' dir='ltr'><strong>protensam</strong></span> <span class='ocrx_word' id='word_1_35' title='bbox 716 1260 855 1355; x_wconf 88' lang='lat' dir='ltr'><strong>quidem</strong></span> <span class='ocrx_word' id='word_1_36' title='bbox 883 1257 1030 1336; x_wconf 79' lang='lat' dir='ltr'><strong>Consilii</strong></span> <span class='ocrx_word' id='word_1_37' title='bbox 1057 1270 1271 1358; x_wconf 85' lang='lat' dir='ltr'><strong>potestatem</strong></span> <span class='ocrx_word' id='word_1_38' title='bbox 1289 1284 1443 1354; x_wconf 89' lang='lat' dir='ltr'><strong>cogno-</strong></span> 
     </span>
     <span class='ocr_line' id='line_1_9' title="bbox 240 1363 1442 1460; baseline -0.002 -22"><span class='ocrx_word' id='word_1_39' title='bbox 240 1385 344 1438; x_wconf 88' lang='lat' dir='ltr'><strong>scere</strong></span> <span class='ocrx_word' id='word_1_40' title='bbox 362 1368 511 1460; x_wconf 89' lang='lat' dir='ltr'><strong>poteris,</strong></span> <span class='ocrx_word' id='word_1_41' title='bbox 538 1367 707 1437; x_wconf 87' lang='lat' dir='ltr'><strong>vicariam</strong></span> <span class='ocrx_word' id='word_1_42' title='bbox 725 1372 855 1452; x_wconf 89' lang='lat' dir='ltr'><strong>tamen,</strong></span> <span class='ocrx_word' id='word_1_43' title='bbox 883 1363 976 1458; x_wconf 87' lang='lat' dir='ltr'><strong>quod</strong></span> <span class='ocrx_word' id='word_1_44' title='bbox 994 1365 1053 1437; x_wconf 90' lang='lat' dir='ltr'><strong>vel</strong></span> <span class='ocrx_word' id='word_1_45' title='bbox 1072 1385 1213 1452; x_wconf 90' lang='lat' dir='ltr'><strong>nomen,</strong></span> <span class='ocrx_word' id='word_1_46' title='bbox 1234 1371 1270 1434; x_wconf 92' lang='lat' dir='ltr'><strong>et</strong></span> <span class='ocrx_word' id='word_1_47' title='bbox 1293 1364 1442 1436; x_wconf 89' lang='lat' dir='ltr'><strong>indoles</strong></span> 
     </span>
     <span class='ocr_line' id='line_1_10' title="bbox 239 1464 1442 1558; baseline 0 -21"><span class='ocrx_word' id='word_1_48' title='bbox 239 1466 645 1539; x_wconf 81' lang='lat' dir='ltr'><strong>locumtenentiao</strong></span> <span class='ocrx_word' id='word_1_49' title='bbox 672 1467 759 1538; x_wconf 90' lang='lat' dir='ltr'><strong>satis</strong></span> <span class='ocrx_word' id='word_1_50' title='bbox 784 1464 957 1558; x_wconf 80' lang='lat' dir='ltr'><strong>desIgnat,</strong></span> <span class='ocrx_word' id='word_1_51' title='bbox 984 1475 1058 1538; x_wconf 81' lang='lat' dir='ltr'><strong>ete</strong></span> <span class='ocrx_word' id='word_1_52' title='bbox 1083 1465 1253 1558; x_wconf 81' lang='lat' dir='ltr'><strong>Rege—</strong></span> <span class='ocrx_word' id='word_1_53' title='bbox 1279 1475 1317 1536; x_wconf 89' lang='lat' dir='ltr'><strong>ut</strong></span> <span class='ocrx_word' id='word_1_54' title='bbox 1335 1466 1442 1537; x_wconf 83' lang='lat' dir='ltr'><strong>dixi-</strong></span> 
     </span>
     <span class='ocr_line' id='line_1_11' title="bbox 238 1566 1440 1662; baseline -0.001 -23"><span class='ocrx_word' id='word_1_55' title='bbox 238 1588 315 1640; x_wconf 90' lang='lat' dir='ltr'><strong>mus</strong></span> <span class='ocrx_word' id='word_1_56' title='bbox 333 1607 384 1622; x_wconf 92' lang='lat'>-</span> <span class='ocrx_word' id='word_1_57' title='bbox 401 1567 634 1662; x_wconf 81' lang='lat' dir='ltr'><strong>pendentem3</strong></span> <span class='ocrx_word' id='word_1_58' title='bbox 662 1588 771 1661; x_wconf 87' lang='lat' dir='ltr'><strong>quare</strong></span> <span class='ocrx_word' id='word_1_59' title='bbox 790 1567 950 1642; x_wconf 84' lang='lat' dir='ltr'><strong>mundata</strong></span> <span class='ocrx_word' id='word_1_60' title='bbox 968 1567 1103 1660; x_wconf 90' lang='lat' dir='ltr'><strong>Regia,</strong></span> <span class='ocrx_word' id='word_1_61' title='bbox 1131 1589 1199 1661; x_wconf 84' lang='lat' dir='ltr'><strong>quc</strong></span> <span class='ocrx_word' id='word_1_62' title='bbox 1218 1566 1440 1639; x_wconf 89' lang='lat' dir='ltr'><strong>subordina-</strong></span> 
     </span>
     <span class='ocr_line' id='line_1_12' title="bbox 239 1667 1440 1763; baseline -0.001 -22"><span class='ocrx_word' id='word_1_63' title='bbox 239 1679 310 1742; x_wconf 90' lang='lat' dir='ltr'><strong>tum</strong></span> <span class='ocrx_word' id='word_1_64' title='bbox 330 1691 512 1763; x_wconf 84' lang='lat' dir='ltr'><strong>exequens</strong></span> <span class='ocrx_word' id='word_1_65' title='bbox 541 1669 795 1742; x_wconf 87' lang='lat' dir='ltr'><strong>Discasterium</strong></span> <span class='ocrx_word' id='word_1_66' title='bbox 815 1669 858 1739; x_wconf 87' lang='lat' dir='ltr'><strong>ad</strong></span> <span class='ocrx_word' id='word_1_67' title='bbox 885 1668 1179 1758; x_wconf 89' lang='lat' dir='ltr'><strong>lurisdictiones,</strong></span> <span class='ocrx_word' id='word_1_68' title='bbox 1208 1679 1244 1739; x_wconf 89' lang='lat' dir='ltr'><strong>et</strong></span> <span class='ocrx_word' id='word_1_69' title='bbox 1260 1667 1440 1741; x_wconf 76' lang='lat' dir='ltr'><strong>&#39;subordi-</strong></span> 
     </span>
     <span class='ocr_line' id='line_1_13' title="bbox 238 1769 1437 1864; baseline -0.002 -22"><span class='ocrx_word' id='word_1_70' title='bbox 238 1780 319 1842; x_wconf 88' lang='lat' dir='ltr'><strong>nata</strong></span> <span class='ocrx_word' id='word_1_71' title='bbox 338 1771 500 1842; x_wconf 87' lang='lat' dir='ltr'><strong>Instituta</strong></span> <span class='ocrx_word' id='word_1_72' title='bbox 519 1769 705 1858; x_wconf 88' lang='lat' dir='ltr'><strong>dimittere,</strong></span> <span class='ocrx_word' id='word_1_73' title='bbox 725 1778 832 1864; x_wconf 85' lang='lat' dir='ltr'><strong>utque</strong></span> <span class='ocrx_word' id='word_1_74' title='bbox 844 1769 959 1842; x_wconf 90' lang='lat' dir='ltr'><strong>debite</strong></span> <span class='ocrx_word' id='word_1_75' title='bbox 972 1771 1111 1843; x_wconf 88' lang='lat' dir='ltr'><strong>ellectui</strong></span> <span class='ocrx_word' id='word_1_76' title='bbox 1123 1771 1259 1858; x_wconf 90' lang='lat' dir='ltr'><strong>dentur,</strong></span> <span class='ocrx_word' id='word_1_77' title='bbox 1280 1770 1437 1841; x_wconf 89' lang='lat' dir='ltr'><strong>distric-</strong></span> 
     </span>
     <span class='ocr_line' id='line_1_14' title="bbox 238 1871 1436 1958; baseline 0 -14"><span class='ocrx_word' id='word_1_78' title='bbox 238 1875 297 1944; x_wconf 91' lang='lat' dir='ltr'><strong>tim</strong></span> <span class='ocrx_word' id='word_1_79' title='bbox 318 1875 460 1944; x_wconf 91' lang='lat' dir='ltr'><strong>omnino</strong></span> <span class='ocrx_word' id='word_1_80' title='bbox 478 1871 662 1943; x_wconf 89' lang='lat' dir='ltr'><strong>intendere</strong></span> <span class='ocrx_word' id='word_1_81' title='bbox 689 1871 884 1944; x_wconf 90' lang='lat' dir='ltr'><strong>tenebatur.</strong></span> <span class='ocrx_word' id='word_1_82' title='bbox 914 1871 1208 1958; x_wconf 78' lang='lat' dir='ltr'><strong>Quemadmodum</strong></span> <span class='ocrx_word' id='word_1_83' title='bbox 1226 1894 1315 1945; x_wconf 90' lang='lat' dir='ltr'><strong>vero</strong></span> <span class='ocrx_word' id='word_1_84' title='bbox 1335 1895 1436 1944; x_wconf 87' lang='lat' dir='ltr'><strong>exe·</strong></span> 
     </span>
     <span class='ocr_line' id='line_1_15' title="bbox 239 1972 1436 2069; baseline -0.002 -23"><span class='ocrx_word' id='word_1_85' title='bbox 239 1977 356 2047; x_wconf 89' lang='lat' dir='ltr'><strong>cutiva</strong></span> <span class='ocrx_word' id='word_1_86' title='bbox 374 1983 535 2069; x_wconf 82' lang='lat' dir='ltr'><strong>potestas</strong></span> <span class='ocrx_word' id='word_1_87' title='bbox 553 1973 692 2066; x_wconf 87' lang='lat' dir='ltr'><strong>legibus</strong></span> <span class='ocrx_word' id='word_1_88' title='bbox 711 1974 825 2066; x_wconf 83' lang='lat' dir='ltr'><strong>Regni</strong></span> <span class='ocrx_word' id='word_1_89' title='bbox 844 1972 1076 2046; x_wconf 77' lang='lat' dir='ltr'><strong>conformiter</strong></span> <span class='ocrx_word' id='word_1_90' title='bbox 1099 1999 1119 2045; x_wconf 93' lang='lat' dir='ltr'><strong>a</strong></span> <span class='ocrx_word' id='word_1_91' title='bbox 1137 1976 1299 2068; x_wconf 89' lang='lat' dir='ltr'><strong>Principe</strong></span> <span class='ocrx_word' id='word_1_92' title='bbox 1318 1995 1436 2044; x_wconf 85' lang='lat' dir='ltr'><strong>exer-</strong></span> 
     </span>
     <span class='ocr_line' id='line_1_16' title="bbox 238 2072 1433 2169; baseline 0.001 -23"><span class='ocrx_word' id='word_1_93' title='bbox 238 2083 350 2164; x_wconf 85' lang='lat' dir='ltr'><strong>cetur,</strong></span> <span class='ocrx_word' id='word_1_94' title='bbox 368 2080 416 2147; x_wconf 90' lang='lat' dir='ltr'><strong>ita</strong></span> <span class='ocrx_word' id='word_1_95' title='bbox 436 2072 627 2148; x_wconf 80' lang='lat' dir='ltr'><strong>Consilium</strong></span> <span class='ocrx_word' id='word_1_96' title='bbox 646 2079 750 2148; x_wconf 88' lang='lat' dir='ltr'><strong>etiam</strong></span> <span class='ocrx_word' id='word_1_97' title='bbox 770 2076 900 2148; x_wconf 90' lang='lat' dir='ltr'><strong>diserta</strong></span> <span class='ocrx_word' id='word_1_98' title='bbox 918 2081 1045 2149; x_wconf 89' lang='lat' dir='ltr'><strong>mansit</strong></span> <span class='ocrx_word' id='word_1_99' title='bbox 1058 2075 1239 2169; x_wconf 84' lang='lat' dir='ltr'><strong>obligatio,</strong></span> <span class='ocrx_word' id='word_1_100' title='bbox 1260 2074 1433 2147; x_wconf 86' lang='lat' dir='ltr'><strong>diaeteles</strong></span> 
     </span>
     <span class='ocr_line' id='line_1_17' title="bbox 238 2176 1434 2270; baseline -0.001 -20"><span class='ocrx_word' id='word_1_101' title='bbox 238 2177 487 2250; x_wconf 78' lang='lat' dir='ltr'><strong>conclusiones</strong></span> <span class='ocrx_word' id='word_1_102' title='bbox 504 2181 550 2248; x_wconf 95' lang='lat' dir='ltr'><strong>·in</strong></span> <span class='ocrx_word' id='word_1_103' title='bbox 580 2178 740 2249; x_wconf 89' lang='lat' dir='ltr'><strong>ellectum</strong></span> <span class='ocrx_word' id='word_1_104' title='bbox 776 2176 992 2268; x_wconf 86' lang='lat' dir='ltr'><strong>deducendi,</strong></span> <span class='ocrx_word' id='word_1_105' title='bbox 1038 2186 1074 2249; x_wconf 91' lang='lat' dir='ltr'><strong>et</strong></span> <span class='ocrx_word' id='word_1_106' title='bbox 1105 2188 1229 2250; x_wconf 89' lang='lat' dir='ltr'><strong>contra</strong></span> <span class='ocrx_word' id='word_1_107' title='bbox 1255 2179 1434 2270; x_wconf 84' lang='lat' dir='ltr'><strong>positivus</strong></span> 
     </span>
    </p>
   </div>
   <div class='ocr_carea' id='block_1_5' title="bbox 101 2277 1433 2376">
    <p class='ocr_par' dir='ltr' id='par_1_5' title="bbox 5 2229 1433 2376">
     <span class='ocr_line' id='line_1_18' title="bbox 101 2277 1433 2376; baseline 0 -26"><span class='ocrx_word' id='word_1_108' title='bbox 101 2369 106 2376; x_wconf 14' lang='grc' dir='ltr'>ἱ</span> <span class='ocrx_word' id='word_1_109' title='bbox 237 2281 376 2352; x_wconf 89' lang='lat' dir='ltr'><strong>Patriae</strong></span> <span class='ocrx_word' id='word_1_110' title='bbox 405 2279 508 2371; x_wconf 86' lang='lat' dir='ltr'><strong>loges</strong></span> <span class='ocrx_word' id='word_1_111' title='bbox 545 2278 630 2350; x_wconf 89' lang='lat' dir='ltr'><strong>nibil</strong></span> <span class='ocrx_word' id='word_1_112' title='bbox 657 2279 909 2351; x_wconf 85' lang='lat' dir='ltr'><strong>determinandi</strong></span> <span class='ocrx_word' id='word_1_113' title='bbox 939 2281 994 2370; x_wconf 79' lang='lat'><strong>⁸),</strong></span> <span class='ocrx_word' id='word_1_114' title='bbox 1032 2301 1169 2374; x_wconf 89' lang='lat' dir='ltr'><strong>quaeve</strong></span> <span class='ocrx_word' id='word_1_115' title='bbox 1194 2278 1249 2350; x_wconf 90' lang='lat' dir='ltr'><strong>bis</strong></span> <span class='ocrx_word' id='word_1_116' title='bbox 1278 2277 1433 2350; x_wconf 83' lang='lat' dir='ltr'><strong>adverse</strong></span> 
     </span>
    </p>
   </div>
   <div class='ocr_carea' id='block_1_6' title="bbox 227 2378 1432 3584">
    <p class='ocr_par' dir='ltr' id='par_1_6' title="bbox 227 2378 1432 3584">
     <span class='ocr_line' id='line_1_19' title="bbox 238 2378 1432 2476; baseline -0.001 -24"><span class='ocrx_word' id='word_1_117' title='bbox 238 2389 330 2467; x_wconf 90' lang='lat' dir='ltr'><strong>sunt,</strong></span> <span class='ocrx_word' id='word_1_118' title='bbox 357 2381 615 2476; x_wconf 78' lang='lat' dir='ltr'><strong>praecavendi,</strong></span> <span class='ocrx_word' id='word_1_119' title='bbox 644 2381 747 2475; x_wconf 89' lang='lat' dir='ltr'><strong>idque</strong></span> <span class='ocrx_word' id='word_1_120' title='bbox 774 2391 871 2452; x_wconf 88' lang='lat' dir='ltr'><strong>tantu</strong></span> <span class='ocrx_word' id='word_1_121' title='bbox 890 2403 967 2452; x_wconf 89' lang='lat' dir='ltr'><strong>cum</strong></span> <span class='ocrx_word' id='word_1_122' title='bbox 991 2381 1172 2470; x_wconf 86' lang='lat' dir='ltr'><strong>libertate,</strong></span> <span class='ocrx_word' id='word_1_123' title='bbox 1200 2387 1238 2449; x_wconf 89' lang='lat' dir='ltr'><strong>ut</strong></span> <span class='ocrx_word' id='word_1_124' title='bbox 1255 2378 1432 2452; x_wconf 90' lang='lat' dir='ltr'><strong>adversus</strong></span> 
     </span>
     <span class='ocr_line' id='line_1_20' title="bbox 236 2480 1432 2578; baseline -0.001 -26"><span class='ocrx_word' id='word_1_125' title='bbox 236 2486 312 2578; x_wconf 90' lang='lat' dir='ltr'><strong>ipsa</strong></span> <span class='ocrx_word' id='word_1_126' title='bbox 348 2480 509 2552; x_wconf 85' lang='lat' dir='ltr'><strong>mandata</strong></span> <span class='ocrx_word' id='word_1_127' title='bbox 535 2485 644 2574; x_wconf 83' lang='lat' dir='ltr'><strong>regia</strong></span> <span class='ocrx_word' id='word_1_128' title='bbox 681 2492 910 2554; x_wconf 87' lang='lat' dir='ltr'><strong>occurrentes</strong></span> <span class='ocrx_word' id='word_1_129' title='bbox 946 2481 1069 2555; x_wconf 86' lang='lat' dir='ltr'><strong>nefors</strong></span> <span class='ocrx_word' id='word_1_130' title='bbox 1104 2480 1319 2556; x_wconf 85' lang='lat' dir='ltr'><strong>reflexiones</strong></span> <span class='ocrx_word' id='word_1_131' title='bbox 1351 2504 1432 2552; x_wconf 93' lang='lat' dir='ltr'><strong>cum</strong></span> 
     </span>
     <span class='ocr_line' id='line_1_21' title="bbox 235 2581 1430 2677; baseline -0.001 -23"><span class='ocrx_word' id='word_1_132' title='bbox 235 2587 437 2655; x_wconf 88' lang='lat' dir='ltr'><strong>reverentia</strong></span> <span class='ocrx_word' id='word_1_133' title='bbox 457 2583 627 2655; x_wconf 91' lang='lat' dir='ltr'><strong>altissimo</strong></span> <span class='ocrx_word' id='word_1_134' title='bbox 645 2585 773 2654; x_wconf 86' lang='lat' dir='ltr'><strong>sistere</strong></span> <span class='ocrx_word' id='word_1_135' title='bbox 793 2582 927 2655; x_wconf 92' lang='lat' dir='ltr'><strong>obtutui</strong></span> <span class='ocrx_word' id='word_1_136' title='bbox 952 2584 1034 2677; x_wconf 90' lang='lat' dir='ltr'><strong>lege</strong></span> <span class='ocrx_word' id='word_1_137' title='bbox 1054 2583 1337 2674; x_wconf 85' lang='lat' dir='ltr'><strong>obstringeretur</strong></span> <span class='ocrx_word' id='word_1_138' title='bbox 1367 2581 1430 2672; x_wconf 78' lang='grc' dir='ltr'><strong>Ι’);</strong></span> 
     </span>
     <span class='ocr_line' id='line_1_22' title="bbox 235 2684 1431 2780; baseline -0.002 -25"><span class='ocrx_word' id='word_1_139' title='bbox 235 2687 382 2778; x_wconf 91' lang='lat' dir='ltr'><strong>insuper</strong></span> <span class='ocrx_word' id='word_1_140' title='bbox 392 2705 482 2755; x_wconf 91' lang='lat' dir='ltr'><strong>vero</strong></span> <span class='ocrx_word' id='word_1_141' title='bbox 503 2684 617 2756; x_wconf 88' lang='lat' dir='ltr'><strong>eidem</strong></span> <span class='ocrx_word' id='word_1_142' title='bbox 636 2687 818 2780; x_wconf 85' lang='lat' dir='ltr'><strong>expressis</strong></span> <span class='ocrx_word' id='word_1_143' title='bbox 836 2685 1011 2777; x_wconf 88' lang='lat' dir='ltr'><strong>benignae</strong></span> <span class='ocrx_word' id='word_1_144' title='bbox 1022 2687 1268 2758; x_wconf 89' lang='lat' dir='ltr'><strong>instructionis</strong></span> <span class='ocrx_word' id='word_1_145' title='bbox 1287 2687 1431 2754; x_wconf 91' lang='lat' dir='ltr'><strong>tenori-</strong></span> 
     </span>
     <span class='ocr_line' id='line_1_23' title="bbox 232 2786 1430 2881; baseline -0.002 -25"><span class='ocrx_word' id='word_1_146' title='bbox 232 2786 297 2856; x_wconf 88' lang='lat' dir='ltr'><strong>bus</strong></span> <span class='ocrx_word' id='word_1_147' title='bbox 319 2805 529 2856; x_wconf 88' lang='lat' dir='ltr'><strong>ooncessum</strong></span> <span class='ocrx_word' id='word_1_148' title='bbox 548 2789 612 2872; x_wconf 91' lang='lat' dir='ltr'><strong>sit,</strong></span> <span class='ocrx_word' id='word_1_149' title='bbox 641 2807 706 2878; x_wconf 92' lang='lat' dir='ltr'><strong>pro</strong></span> <span class='ocrx_word' id='word_1_150' title='bbox 726 2807 765 2856; x_wconf 92' lang='lat' dir='ltr'><strong>re</strong></span> <span class='ocrx_word' id='word_1_151' title='bbox 785 2796 865 2857; x_wconf 89' lang='lat' dir='ltr'><strong>nata</strong></span> <span class='ocrx_word' id='word_1_152' title='bbox 884 2791 988 2857; x_wconf 89' lang='lat' dir='ltr'><strong>ctiam</strong></span> <span class='ocrx_word' id='word_1_153' title='bbox 1010 2789 1125 2881; x_wconf 85' lang='lat' dir='ltr'><strong>Regni</strong></span> <span class='ocrx_word' id='word_1_154' title='bbox 1143 2786 1290 2857; x_wconf 91' lang='lat' dir='ltr'><strong>Palatini</strong></span> <span class='ocrx_word' id='word_1_155' title='bbox 1308 2787 1430 2855; x_wconf 90' lang='lat' dir='ltr'><strong>inter-</strong></span> 
     </span>
     <span class='ocr_line' id='line_1_24' title="bbox 233 2882 1430 2979; baseline 0.002 -25"><span class='ocrx_word' id='word_1_156' title='bbox 233 2882 480 2955; x_wconf 86' lang='lat' dir='ltr'><strong>mediationem</strong></span> <span class='ocrx_word' id='word_1_157' title='bbox 500 2896 671 2979; x_wconf 88' lang='lat' dir='ltr'><strong>expetere</strong></span> <span class='ocrx_word' id='word_1_158' title='bbox 702 2888 747 2976; x_wconf 79' lang='lat'><strong>⁰).</strong></span> <span class='ocrx_word' id='word_1_159' title='bbox 774 2884 870 2958; x_wconf 82' lang='lat' dir='ltr'><strong>Cave</strong></span> <span class='ocrx_word' id='word_1_160' title='bbox 890 2885 1430 2961; x_wconf 86' lang='lat' dir='ltr'><strong>nihilominusbaneiacultatem</strong></span> 
     </span>
     <span class='ocr_line' id='line_1_25' title="bbox 233 2987 1427 3082; baseline 0.003 -27"><span class='ocrx_word' id='word_1_161' title='bbox 233 3006 277 3056; x_wconf 94' lang='lat' dir='ltr'><strong>eo</strong></span> <span class='ocrx_word' id='word_1_162' title='bbox 306 2995 489 3058; x_wconf 85' lang='lat' dir='ltr'><strong>extensam</strong></span> <span class='ocrx_word' id='word_1_163' title='bbox 517 2988 712 3080; x_wconf 89' lang='lat' dir='ltr'><strong>putaveris,</strong></span> <span class='ocrx_word' id='word_1_164' title='bbox 741 2991 840 3082; x_wconf 90' lang='lat' dir='ltr'><strong>quasi</strong></span> <span class='ocrx_word' id='word_1_165' title='bbox 869 3011 1030 3082; x_wconf 86' lang='lat' dir='ltr'><strong>suprema</strong></span> <span class='ocrx_word' id='word_1_166' title='bbox 1058 2989 1162 3060; x_wconf 86' lang='lat' dir='ltr'><strong>Jusse</strong></span> <span class='ocrx_word' id='word_1_167' title='bbox 1191 2987 1358 3082; x_wconf 89' lang='lat' dir='ltr'><strong>impedire</strong></span> <span class='ocrx_word' id='word_1_168' title='bbox 1388 2989 1427 3058; x_wconf 93' lang='lat' dir='ltr'><strong>in</strong></span> 
     </span>
     <span class='ocr_line' id='line_1_26' title="bbox 231 3085 1429 3182; baseline 0.002 -24"><span class='ocrx_word' id='word_1_169' title='bbox 231 3089 309 3177; x_wconf 91' lang='lat' dir='ltr'><strong>ejus</strong></span> <span class='ocrx_word' id='word_1_170' title='bbox 339 3085 466 3160; x_wconf 86' lang='lat' dir='ltr'><strong>fuisset</strong></span> <span class='ocrx_word' id='word_1_171' title='bbox 493 3096 693 3182; x_wconf 87' lang='lat' dir='ltr'><strong>potestate,</strong></span> <span class='ocrx_word' id='word_1_172' title='bbox 731 3091 767 3162; x_wconf 92' lang='lat' dir='ltr'><strong>id</strong></span> <span class='ocrx_word' id='word_1_173' title='bbox 796 3093 888 3162; x_wconf 92' lang='lat' dir='ltr'><strong>enim</strong></span> <span class='ocrx_word' id='word_1_174' title='bbox 917 3113 988 3162; x_wconf 94' lang='lat' dir='ltr'><strong>non</strong></span> <span class='ocrx_word' id='word_1_175' title='bbox 1016 3101 1148 3162; x_wconf 88' lang='lat' dir='ltr'><strong>tantum</strong></span> <span class='ocrx_word' id='word_1_176' title='bbox 1177 3088 1284 3180; x_wconf 86' lang='lat' dir='ltr'><strong>legali</strong></span> <span class='ocrx_word' id='word_1_177' title='bbox 1310 3087 1429 3180; x_wconf 89' lang='lat' dir='ltr'><strong>Regni</strong></span> 
     </span>
     <span class='ocr_line' id='line_1_27' title="bbox 233 3189 1429 3284; baseline -0.001 -22"><span class='ocrx_word' id='word_1_178' title='bbox 233 3189 496 3276; x_wconf 81' lang='lat' dir='ltr'><strong>Constitutioni,</strong></span> <span class='ocrx_word' id='word_1_179' title='bbox 517 3199 552 3260; x_wconf 91' lang='lat' dir='ltr'><strong>et</strong></span> <span class='ocrx_word' id='word_1_180' title='bbox 571 3211 726 3261; x_wconf 89' lang='lat' dir='ltr'><strong>summae</strong></span> <span class='ocrx_word' id='word_1_181' title='bbox 745 3191 939 3284; x_wconf 88' lang='lat' dir='ltr'><strong>Regnantis</strong></span> <span class='ocrx_word' id='word_1_182' title='bbox 961 3196 1172 3279; x_wconf 84' lang='lat' dir='ltr'><strong>auctoritati,</strong></span> <span class='ocrx_word' id='word_1_183' title='bbox 1191 3211 1314 3262; x_wconf 89' lang='lat' dir='ltr'><strong>verum</strong></span> <span class='ocrx_word' id='word_1_184' title='bbox 1328 3195 1429 3262; x_wconf 92' lang='lat' dir='ltr'><strong>omni</strong></span> 
     </span>
     <span class='ocr_line' id='line_1_28' title="bbox 228 3291 1429 3388; baseline 0 -26"><span class='ocrx_word' id='word_1_185' title='bbox 228 3301 349 3362; x_wconf 84' lang='lat' dir='ltr'><strong>rectae</strong></span> <span class='ocrx_word' id='word_1_186' title='bbox 368 3291 659 3362; x_wconf 84' lang='lat' dir='ltr'><strong>administrationi</strong></span> <span class='ocrx_word' id='word_1_187' title='bbox 678 3291 939 3365; x_wconf 86' lang='lat' dir='ltr'><strong>adversaretur.</strong></span> <span class='ocrx_word' id='word_1_188' title='bbox 966 3293 1004 3366; x_wconf 82' lang='lat' dir='ltr'><strong>Si</strong></span> <span class='ocrx_word' id='word_1_189' title='bbox 1023 3295 1172 3388; x_wconf 89' lang='lat' dir='ltr'><strong>proinde</strong></span> <span class='ocrx_word' id='word_1_190' title='bbox 1184 3291 1296 3364; x_wconf 81' lang='lat' dir='ltr'><strong>allatis</strong></span> <span class='ocrx_word' id='word_1_191' title='bbox 1314 3295 1429 3362; x_wconf 91' lang='lat' dir='ltr'><strong>moti-</strong></span> 
     </span>
     <span class='ocr_line' id='line_1_29' title="bbox 227 3391 1426 3487; baseline 0.001 -23"><span class='ocrx_word' id='word_1_192' title='bbox 227 3396 284 3464; x_wconf 89' lang='lat' dir='ltr'><strong>vis</strong></span> <span class='ocrx_word' id='word_1_193' title='bbox 313 3393 483 3486; x_wconf 87' lang='lat' dir='ltr'><strong>Princeps</strong></span> <span class='ocrx_word' id='word_1_194' title='bbox 522 3414 541 3461; x_wconf 87' lang='lat' dir='ltr'><strong>a</strong></span> <span class='ocrx_word' id='word_1_195' title='bbox 578 3395 651 3464; x_wconf 90' lang='lat' dir='ltr'><strong>suis</strong></span> <span class='ocrx_word' id='word_1_196' title='bbox 687 3414 758 3464; x_wconf 91' lang='lat' dir='ltr'><strong>non</strong></span> <span class='ocrx_word' id='word_1_197' title='bbox 792 3394 938 3466; x_wconf 87' lang='lat' dir='ltr'><strong>recedat</strong></span> <span class='ocrx_word' id='word_1_198' title='bbox 973 3395 1170 3487; x_wconf 89' lang='lat' dir='ltr'><strong>ordinibus,</strong></span> <span class='ocrx_word' id='word_1_199' title='bbox 1207 3391 1426 3467; x_wconf 89' lang='lat' dir='ltr'><strong>subordinati</strong></span> 
     </span>
     <span class='ocr_line' id='line_1_30' title="bbox 227 3492 1063 3584; baseline 0.005 -18"><span class='ocrx_word' id='word_1_200' title='bbox 227 3493 418 3568; x_wconf 86' lang='lat' dir='ltr'><strong>Dicasterii</strong></span> <span class='ocrx_word' id='word_1_201' title='bbox 437 3503 505 3584; x_wconf 89' lang='lat' dir='ltr'><strong>ast,</strong></span> <span class='ocrx_word' id='word_1_202' title='bbox 532 3492 666 3565; x_wconf 88' lang='lat' dir='ltr'><strong>eisdem</strong></span> <span class='ocrx_word' id='word_1_203' title='bbox 685 3498 825 3568; x_wconf 90' lang='lat' dir='ltr'><strong>omnino</strong></span> <span class='ocrx_word' id='word_1_204' title='bbox 845 3494 1063 3570; x_wconf 80' lang='lat' dir='ltr'><strong>satisfecere.</strong></span> 
     </span>
    </p>
   </div>
   <div class='ocr_carea' id='block_1_7' title="bbox 459 3717 1207 3966">
    <p class='ocr_par' dir='ltr' id='par_1_7' title="bbox 459 3717 1207 3966">
     <span class='ocr_line' id='line_1_31' title="bbox 753 3717 903 3804; baseline -0.08 0"><span class='ocrx_word' id='word_1_205' title='bbox 753 3717 789 3804; x_wconf 69' lang='lat' dir='ltr'><strong>b·</strong></span> <span class='ocrx_word' id='word_1_206' title='bbox 819 3722 903 3796; x_wconf 87' lang='lat'><strong>669.</strong></span> 
     </span>
     <span class='ocr_line' id='line_1_32' title="bbox 459 3856 1207 3966; baseline 0.013 -32"><span class='ocrx_word' id='word_1_207' title='bbox 459 3863 562 3949; x_wconf 80' lang='lat' dir='ltr'><strong>Quae</strong></span> <span class='ocrx_word' id='word_1_208' title='bbox 583 3882 788 3955; x_wconf 79' lang='lat' dir='ltr'><strong>praesente</strong></span> <span class='ocrx_word' id='word_1_209' title='bbox 812 3871 917 3960; x_wconf 75' lang='lat' dir='ltr'><strong>Repe</strong></span> <span class='ocrx_word' id='word_1_210' title='bbox 943 3856 1207 3966; x_wconf 57' lang='lat' dir='ltr'><strong>suspendatur(</strong></span> 
     </span>
    </p>
   </div>
   <div class='ocr_carea' id='block_1_8' title="bbox 327 4010 1424 4115">
    <p class='ocr_par' dir='ltr' id='par_1_8' title="bbox 327 4010 1424 4115">
     <span class='ocr_line' id='line_1_33' title="bbox 327 4010 1424 4115; baseline 0.011 -34"><span class='ocrx_word' id='word_1_211' title='bbox 327 4011 475 4098; x_wconf 85' lang='lat' dir='ltr'><strong>Quoties</strong></span> <span class='ocrx_word' id='word_1_212' title='bbox 489 4010 624 4103; x_wconf 89' lang='lat' dir='ltr'><strong>Regem</strong></span> <span class='ocrx_word' id='word_1_213' title='bbox 641 4013 796 4106; x_wconf 89' lang='lat' dir='ltr'><strong>longiori</strong></span> <span class='ocrx_word' id='word_1_214' title='bbox 813 4027 975 4114; x_wconf 88' lang='lat' dir='ltr'><strong>tempore</strong></span> <span class='ocrx_word' id='word_1_215' title='bbox 993 4025 1028 4093; x_wconf 90' lang='lat' dir='ltr'><strong>in</strong></span> <span class='ocrx_word' id='word_1_216' title='bbox 1040 4021 1166 4115; x_wconf 90' lang='lat' dir='ltr'><strong>Regno</strong></span> <span class='ocrx_word' id='word_1_217' title='bbox 1179 4019 1309 4092; x_wconf 89' lang='lat' dir='ltr'><strong>morari</strong></span> <span class='ocrx_word' id='word_1_218' title='bbox 1328 4041 1424 4093; x_wconf 88' lang='lat' dir='ltr'><strong>con-</strong></span> 
     </span>
    </p>
   </div>
   <div class='ocr_carea' id='block_1_9' title="bbox 227 4179 431 4195">
    <p class='ocr_par' dir='ltr' id='par_1_9' title="bbox 227 4179 431 4195">
     <span class='ocr_line' id='line_1_34' title="bbox 227 4179 431 4195; baseline 0 -7"><span class='ocrx_word' id='word_1_219' title='bbox 227 4179 431 4195; x_wconf 83' lang='lat'><em>-——-—-</em></span> 
     </span>
    </p>
   </div>
   <div class='ocr_carea' id='block_1_10' title="bbox 239 4245 842 4488">
    <p class='ocr_par' dir='ltr' id='par_1_10' title="bbox 239 4245 842 4488">
     <span class='ocr_line' id='line_1_35' title="bbox 239 4245 455 4310; baseline -0.005 -10"><span class='ocrx_word' id='word_1_220' title='bbox 239 4245 276 4310; x_wconf 73' lang='lat'><strong>‘⁸)</strong></span> <span class='ocrx_word' id='word_1_221' title='bbox 298 4249 374 4300; x_wconf 74' lang='lat'><strong>1723.</strong></span> <span class='ocrx_word' id='word_1_222' title='bbox 395 4249 455 4300; x_wconf 75' lang='lat'><strong>102.</strong></span> 
     </span>
     <span class='ocr_line' id='line_1_36' title="bbox 251 4331 441 4390; baseline -0.032 0"><span class='ocrx_word' id='word_1_223' title='bbox 251 4334 278 4390; x_wconf 77' lang='lat' dir='ltr'><strong>¹’l</strong></span> <span class='ocrx_word' id='word_1_224' title='bbox 301 4337 379 4388; x_wconf 85' lang='grc'><strong>1791.</strong></span> <span class='ocrx_word' id='word_1_225' title='bbox 398 4331 441 4385; x_wconf 66' lang='lat' dir='ltr'><strong>ll.</strong></span> 
     </span>
     <span class='ocr_line' id='line_1_37' title="bbox 254 4413 842 4488; baseline 0.015 -18"><span class='ocrx_word' id='word_1_226' title='bbox 254 4413 279 4481; x_wconf 64' lang='grc' dir='ltr'><strong>ε)</strong></span> <span class='ocrx_word' id='word_1_227' title='bbox 291 4415 350 4472; x_wconf 66' lang='lat' dir='ltr'><strong>uu.</strong></span> <span class='ocrx_word' id='word_1_228' title='bbox 366 4419 498 4474; x_wconf 78' lang='lat' dir='ltr'><strong>lustruct</strong></span> <span class='ocrx_word' id='word_1_229' title='bbox 515 4417 549 4472; x_wconf 84' lang='lat' dir='ltr'><strong>de</strong></span> <span class='ocrx_word' id='word_1_230' title='bbox 565 4418 637 4476; x_wconf 81' lang='lat' dir='ltr'><strong>anuo</strong></span> <span class='ocrx_word' id='word_1_231' title='bbox 651 4422 728 4478; x_wconf 83' lang='grc'><strong>1801.</strong></span> <span class='ocrx_word' id='word_1_232' title='bbox 742 4419 765 4488; x_wconf 74' lang='lat' dir='ltr'><strong>d.</strong></span> <span class='ocrx_word' id='word_1_233' title='bbox 780 4425 810 4488; x_wconf 72' lang='grc'><strong>,2.</strong></span> <span class='ocrx_word' id='word_1_234' title='bbox 840 4443 842 4450; x_wconf 70' lang='grc'>’</span> 
     </span>
    </p>
   </div>
   <div class='ocr_carea' id='block_1_11' title="bbox 0 0 1552 4868">
    <p class='ocr_par' dir='ltr' id='par_1_11' title="bbox 0 0 1552 4868">
     <span class='ocr_line' id='line_1_38' title="bbox 0 0 1552 4868; baseline 0 3"><span class='ocrx_word' id='word_1_235' title='bbox 0 0 1552 4868; x_wconf 95' lang='lat' dir='ltr'><strong> </strong></span> 
     </span>
    </p>
   </div>
  </div>
 </body>
</html>
