3122 4852
725 352 760 439 §.
792 355 877 428 510.

455 526 636 618 Ejmdem
664 530 880 616 orountentt'
903 529 1149 598 continuatio.

309 696 432 784 Quoad
471 696 608 771 demum
643 695 806 792 Supremi
844 692 989 768 Comitis
1025 695 1229 789 dignitatem
1265 690 1403 785 legibus

209 802 380 876 sancitum
405 801 549 871 invenio
581 802 628 892 ⁸),
655 808 693 869 ut
713 821 790 869 eam
807 797 888 868 Rex
906 799 1056 892 cuipiam
1079 819 1099 868 e
1119 815 1265 868 numero
1285 792 1404 866 Baro-

207 925 301 989 num,
328 901 529 994 Magnetum
547 903 609 974 vel
631 898 808 972 Nobilium
836 901 969 994 inipso
993 898 1166 971 Comitatu
1193 900 1405 994 possessio-

208 1014 383 1091 natorum,
411 1025 483 1073 non
513 1014 629 1073 tamen
659 1004 857 1072 minorenni
878 1000 1049 1074 coulerat.
1079 999 1165 1072 Post
1182 999 1247 1070 has
1274 1001 1406 1092 itaque,

209 1115 246 1177 et
264 1106 352 1176 alias
373 1104 486 1176 claras
507 1104 596 1175 adeo
618 1104 890 1174 constitutiones
909 1126 981 1174 non
1001 1102 1123 1190 video,
1155 1123 1217 1172 our
1244 1104 1408 1172 11111110-
1458 1099 1468 1108 ’

205 1227 324 1278 remur
348 1209 564 1278 vanissimae
595 1206 775 1299 Anonymi
807 1204 987 1294 enjusdam
1016 1203 1050 1296 ¹³)
1088 1206 1315 1296 argutationi,
1351 1203 1409 1296 qui

207 1332 273 1404 per
304 1315 368 1380 art.
397 1309 456 1380 33.
494 1308 642 1379 Diaetae
671 1306 944 1396 Hatvaniensis,
982 1307 1025 1378 A.
1060 1307 1168 1378 1525.
1196 1304 1335 1376 habitae
1352 1302 1409 1395 ⁴⁵),

205 1409 298 1505 Regi
326 1410 520 1504 Supremos
546 1405 702 1481 Comites
742 1431 788 1479 ex
809 1407 879 1480 illis
917 1409 1052 1497 solum,
1098 1428 1188 1501 quos
1217 1403 1408 1478 Comitatus

208 1515 387 1609 proponit,
415 1510 559 1582 creandi
577 1509 780 1582 facultatem
795 1531 1048 1603 supermonere
1070 1507 1274 1581 somniabat.

250 1655 291 1740 1)
314 1655 418 1716 Verba
441 1653 541 1738 hujus
561 1653 705 1731 articuli,
731 1654 866 1733 Corpori
891 1655 980 1716 iuris
1005 1655 1086 1716 baud
1111 1653 1234 1727 inserti,
1257 1662 1331 1716 sunt
1354 1672 1411 1716 se-

295 1739 437 1822 quentia:
480 1738 596 1816 „Quod
629 1739 763 1800 bonores
800 1739 1011 1802 comitatuum
1050 1739 1148 1820 Regia
1181 1734 1335 1818 Majestas
1370 1739 1412 1798 ad

293 1825 563 1906 „supplicationes
602 1823 827 1886 Universitatis
862 1825 1023 1906 Nobilium
1055 1821 1199 1907 cujusvis
1235 1822 1412 1885 Comitatus

294 1911 433 1989 „talibus
464 1909 608 1990 personis
640 1909 784 1972 couierre
819 1911 983 1992 dignetur,
1019 1929 1096 1990 quae
1129 1908 1210 1988 ipsis
1242 1906 1411 1970 Nobilibus

295 1996 468 2078 „placitae‚
498 2005 527 2057 et
551 1995 756 2076 acceptabiles
790 1995 997 2072 videbuntur,
1031 2015 1069 2056 ne
1101 1993 1358 2074 oppressionem,
1380 2000 1412 2053 et

248 2131 250 2136 -
293 2083 467 2164 „delectum
490 2081 522 2144 in
546 2081 624 2143 1110
648 2081 791 2160 ipsorum
815 2100 871 2161 per
894 2084 1018 2143 eosdem
1043 2079 1194 2156 Comites,
1218 2081 1271 2158 qui
1294 2080 1409 2141 eisdem

218 2220 220 2224 .
294 2169 532 2250 „displicent,et
555 2163 707 2228 contrarii
730 2169 937 2247 suut,qoovis
959 2168 1051 2228 modo
1075 2165 1266 2244 patiantur.“
1288 2166 1408 2228 Tantus

293 2257 346 2318 ille
370 2262 569 2334 praecautum
593 2252 673 2329 vult,
695 2271 734 2312 ne
757 2251 898 2331 ingratae
922 2269 1075 2332 personae
1098 2251 1130 2312 111
1152 2253 1322 2328 Supremos
1343 2250 1411 2313 Co-

297 2342 388 2402 mites
411 2337 643 2418 praetioiantur.
674 2338 793 2399 Auctor
814 2346 923 2399 noster
953 2336 1024 2398 inde
1047 2335 1107 2397 Jus
1131 2335 1318 2398 candidaudi
1339 2334 1408 2398 Co-

296 2423 457 2488 mitatibus
481 2421 601 2485 tribuit.

724 2634 761 2721 §.
791 2636 874 2707 511.

421 2823 518 2894 Joro
545 2823 667 2912 Rapio
693 2821 768 2893 boc
794 2827 833 2892 a'n
862 2821 1007 2910 objecto
1034 2821 1191 2916 reliquo.

318 3014 419 3088 Haud
435 3035 525 3087 vero
550 3014 593 3085 ad
611 3016 749 3086 unicam
770 3015 995 3086 collationem
1006 3019 1063 3088 vis
1081 3019 1269 3110 potestatis
1287 3022 1411 3112 regiae

211 3119 306 3192 circa
325 3116 464 3214 publico
486 3117 621 3206 Ollicia,
649 3115 832 3189 sedlatius
861 3116 972 3188 adhuc
1004 3117 1234 3210 protenditur.
1281 3118 1408 3191 Enim-

211 3242 300 3294 vero
322 3230 357 3291 at
377 3240 471 3290 nova
498 3218 729 3313 quandoque,
766 3222 905 3289 ratione
926 3217 1055 3313 publici
1084 3221 1222 3291 servitii
1248 3221 1283 3291 id
1320 3243 1411 3294 sva-

159 3369 162 3374 <
213 3323 330 3411 dente,
359 3342 422 3394 sua
451 3324 660 3391 auctoritate
684 3322 852 3407 instituit,
888 3330 924 3390 et
956 3313 1133 3414 superflua
1164 3320 1304 3412 abolet,
1348 3321 1411 3395 vel

207 3425 305 3514 justo
336 3425 428 3494 inter
448 3442 488 3493 se
507 3421 629 3494 ordine
649 3423 828 3492 connectit
841 3421 854 3508 ς’
878 3431 1020 3514 partes,
1049 3443 1274 3518 normamque
1294 3446 1410 3518 agen-

212 3525 347 3616 dorum,
385 3549 427 3596 ao
447 3523 575 3596 limites
608 3525 847 3616 cujuscunque
874 3521 1061 3608 describit,
1099 3521 1338 3596 iuramentum
1366 3523 1412 3596 de
1544 3549 1545 3570 1

134 3710 137 3716 1
210 3627 336 3698 oliiciis
362 3630 429 3696 rito
467 3626 659 3714 obeundiS,
696 3648 737 3697 ac
773 3628 810 3695 in
836 3627 957 3719 specie
985 3623 1028 3694 de
1055 3623 1193 3717 legibus
1223 3625 1412 3698 servandis
1544 3711 1545 3720 ἵ

210 3729 333 3818 exigit
353 3727 396 3814 ⁰).
425 3725 615 3798 Praeterea
645 3731 844 3820 irrepentes
866 3745 1016 3814 naevos,
1044 3733 1080 3800 et
1102 3726 1241 3820 quidvis
1266 3727 1413 3821 illegale

211 3827 368 3921 corrigit,
397 3847 438 3895 ac
457 3827 566 3914 tollit,
595 3827 734 3897 tandem
756 3827 847 3898 male
892 3825 1130 3919 defungentes
1159 3840 1281 3902 movet
1311 3830 1414 3921 loco,

212 3929 362 4024 dumque
383 3926 546 4018 adjuncta
563 3925 599 4000 id
625 3928 816 4022 postulant,
838 3929 957 4019 justae
977 3927 1122 4018 subjicit·
1135 3931 1374 4026 castigationi.

205 4103 406 4119 m

242 4164 267 4228 a)
288 4151 428 4218 11100οζ
448 4193 482 4205 -
503 4164 581 4216 ross.
600 4165 641 4216 aa.

240 4251 270 4317 b)
289 4256 320 4306 ln
337 4251 458 4302 Dissert.
476 4251 509 4302 de
524 4253 594 4316 Reg.
610 4255 712 4318 potest.
729 4251 757 4302 ln
773 4252 864 4318 Hung.
880 4249 956 4304 limit.
975 4246 998 4314 1.
1016 4247 1059 4303 21.
1078 4264 1105 4317 p.
1124 4249 1165 4306 37.

241 4337 267 4400 ⁰)
286 4340 364 4418 1191.
383 4339 425 4388 18.
