3094 4868
201 307 277 381 230

200 479 286 574 piat,
314 473 378 546 sed
404 473 684 566 correspondeat
712 470 826 544 solum
855 491 932 541 enm
961 463 1108 541 (lamera
1136 469 1263 542 Aulica
1284 471 1418 542 Vien-

200 579 306 650 nensi
335 576 387 666 ⁴),
426 585 641 671 quapropter
667 573 831 647 Mandata
858 572 995 666 Regia,
1025 577 1184 664 quamvis
1210 576 1268 644 via
1295 571 1414 660 lrujns

202 680 246 754 ad
264 677 358 750 illam
378 677 534 764 dimissa,
560 677 700 750 nonnisi
728 674 900 748 informa
925 673 1104 769 Rescripti
1121 695 1234 769 penes
1262 677 1412 768 regiam

205 781 502 876 subscriptionem
531 776 566 869 a)
595 781 736 852 exarari
761 779 1008 874 comperimus.

728 984 766 1071 §.
795 981 881 1056 720.

729 1134 874 1206 Munus.

307 1285 581 1377 Praecipuornm
604 1275 837 1354 carceralium
862 1279 1081 1374 agendorum
1112 1279 1333 1376 complexum
1362 1279 1415 1351 ad

205 1409 363 1463 normam
392 1384 494 1457 datae
522 1406 588 1479 per
621 1384 757 1476 Regem
787 1383 1032 1455 instructionis
1052 1381 1223 1454 efficiunt:
1253 1381 1279 1452 l.
1308 1381 1414 1452 Pro-

204 1493 341 1564 curatio
359 1488 565 1580 Regiorum,
592 1484 859 1581 publicorumve
877 1485 1065 1573 redituum,
1101 1487 1132 1558 si
1160 1486 1272 1558 solam
1297 1483 1407 1555 demo

204 1590 511 1671 contributionem,
539 1611 641 1684 quam
669 1593 808 1662 ratione
836 1587 943 1683 paulo
979 1597 1060 1658 ante
1099 1585 1275 1682 descripta
1312 1609 1410 1681 per-

203 1696 348 1768 tractari
374 1693 542 1786 exposui3
570 1689 751 1763 Bonorum
777 1689 935 1763 videlicit
963 1686 1196 1762 Cameralium
1225 1700 1294 1760 tam
1324 1685 1410 1760 (lc-

204 1818 325 1881 ronae,
354 1815 456 1886 qnam
482 1793 697 1886 reliquorum
714 1791 915 1879 Fiscellum,
944 1800 1016 1863 tum
1043 1795 1243 1864 vacantium
1272 1790 1412 1864 Eccle-

209 1903 443 1984 siastioorum,
472 1903 509 1965 et
536 1893 579 1964 ab
604 1916 696 1966 anno
720 1894 939 1967 decurrentis
969 1893 1080 1965 seculi
1108 1898 1272 1988 septimo,
1296 1893 1411 1965 itton-

206 2001 451 2072 tanisticorum
472 1998 601 2085 etiarn,
630 1996 757 2068 deinde
789 1995 963 2068 redituum
993 2017 1013 2066 e
1044 1998 1161 2085 taxis,
1199 1998 1406 2084 tricesimis,

208 2103 342 2189 salinis,
359 2101 473 2194 postis
492 2098 748 2188 resultantium,
767 2120 840 2171 non
858 2105 975 2170 tamen
990 2098 1256 2169 metallicorum.
1277 2097 1319 2168 ll.
1339 2097 1410 2168 Fi-

208 2204 297 2276 delis
315 2203 472 2274 thesauri
494 2203 587 2293 regii
613 2201 787 2289 custodia,
815 2224 857 2271 ac
876 2201 1117 2294 dispensatio;
1147 2222 1249 2294 quam
1277 2204 1409 2272 imme-

209 2307 302 2378 diate
331 2306 518 2398 exequitur
544 2299 678 2376 Cassae
701 2300 893 2374 Camernlis
912 2302 1210 2374 Praefectoratns.
1239 2301 1300 2373 lll.
1331 2301 1408 2375 Su-

207 2405 329 2505 perior
362 2405 560 2498 vigilantia,
606 2407 720 2494 tuitio,
759 2415 794 2474 et
821 2403 1013 2477 vindicatio
1041 2403 1175 2475 Jurium
1213 2405 1408 2498 Regiorum

207 2507 404 2582 Fisoalium.
442 2505 503 2578 lV.
531 2506 762 2579 Pertraotntio
792 2529 927 2595 eorum,
964 2529 1053 2602 quae
1079 2507 1123 2579 ad
1147 2505 1288 2580 Aerarii
1315 2507 1407 2600 regii

209 2611 379 2684 creditum
403 2607 617 2680 referuntur.
654 2609 698 2680 V.
732 2605 965 2682 Constituitur
991 2610 1129 2682 demum
1157 2608 1221 2680 sub
1247 2608 1406 2700 ejusdem

207 2715 317 2785 tutela
352 2711 569 2784 Oeconomia
600 2710 789 2784 Civitatnm
824 2711 1037 2803 Regiorum,
1078 2721 1252 2806 tamquam
1276 2711 1406 2806 peculii

207 2819 313 2906 regii,
342 2813 447 2907 idqne
467 2836 487 2882 a
508 2811 626 2882 Caroli
655 2813 714 2882 lll.
746 2813 984 2906 temporibus,
1022 2814 1113 2886 unde
1142 2813 1185 2885 ad
1212 2811 1405 2907 sopiendos

208 2913 274 2987 hac
293 2937 339 2985 ex
364 2921 464 3008 parte
491 2911 652 2984 defectus
673 2913 786 2985 eidem
806 2913 1083 2988 commissiones
1103 2919 1304 3003 exmittere,
1333 2936 1404 2986 non

207 3029 324 3089 tamen
347 3019 423 3087 sine
442 3019 590 3110 praevio
614 3015 708 3090 Suae
736 3015 934 3108 Majestatis
963 3017 1110 3106 indultu,
1138 3016 1220 3112 lege
1249 3038 1406 3088 eonces-

209 3143 285 3196 sum
315 3121 358 3214 θ).
389 3112 577 3190 Caeterum
603 3120 638 3189 in
657 3119 763 3190 rebus
784 3119 952 3214 politicis,
981 3129 1017 3190 et
1032 3118 1256 3208 judicialibus
1285 3127 1407 3214 partes

209 3224 288 3318 ejus
306 3221 422 3293 nullae
443 3232 524 3293 sunt
553 3218 599 3314 d),
625 3231 872 3318 praeterquam
891 3224 926 3293 in
948 3225 1064 3293 causis
1084 3221 1353 3306 contrahendae.

727 3424 764 3510 §.
795 3425 879 3497 721.

272 3583 331 3672 Ile
356 3575 513 3668 reliquie
543 3574 795 3648 Comerottom
822 3582 1064 3669 negotiorum
1089 3577 1337 3650 Admrttzletrte.

314 3728 420 3810 Satis,
448 3745 538 3816 quae
557 3722 720 3812 diximus,
747 3722 976 3816 patefaciunt,
1005 3723 1167 3814 debitam,
1189 3724 1408 3796 ordinatam-

211 3853 280 3925 que
304 3826 478 3897 redituum
497 3825 720 3896 oameralium
740 3847 786 3895 ex
809 3835 910 3919 parte
938 3831 1247 3919 procurationem,
1277 3836 1312 3897 et
1340 3848 1408 3896 cn·-

92 3999 97 4010 .
209 3932 361 4006 stodiam
378 3923 535 4022 pluribus
550 3927 696 4018 majoris
720 3948 806 3998 sane
826 3931 992 3998 momenti
1020 3932 1174 4022 negotiis
1192 3927 1406 4024 implicitam,

208 4037 319 4109 variis
339 4027 511 4120 Collegiis
537 4027 781 4118 inferioribus,
808 4029 1020 4102 administris
1048 4034 1132 4103 item
1151 4051 1242 4126 opus
1259 4029 1405 4102 habere.

237 4215 264 4281 ι)
284 4217 362 4271 1608.
380 4217 405 4270 5.
423 4230 448 4268 a.
458 4230 481 4267 e.
492 4216 570 4271 171⁵.
589 4215 632 4268 18.
643 4239 672 4252 -
685 4215 760 4268 1723.
781 4218 822 4268 16.
838 4247 866 4257 -
878 4217 956 4272 1741.
967 4217 1010 4271 tl.
1021 4220 1169 4287 pluresque
1186 4220 1263 4288 legen
1278 4217 1408 4272 anterior.

237 4301 265 4360 b)
285 4302 337 4352 (tlt.
357 4300 434 4354 174¹.
454 4299 496 4354 14.
1196 4331 1199 4338 .
1331 4300 1333 4305 ’

237 4385 265 4443 0)
285 4387 363 4438 171⁵.
381 4388 423 4440 86.

146 4549 148 4554 ,
240 4463 268 4534 a)
286 4469 363 4522 ress.
381 4473 423 4524 aa.
440 4494 475 4508 -
493 4472 570 4528 rere.
590 4469 634 4525 ue.
651 4491 686 4514 ,-
704 4471 782 4526 reor.
801 4471 844 4527 sa.
958 4467 961 4476 ’
