<?xml version="1.0" encoding="UTF-8"?>
<!DOCTYPE html PUBLIC "-//W3C//DTD XHTML 1.0 Transitional//EN"
    "http://www.w3.org/TR/xhtml1/DTD/xhtml1-transitional.dtd">
<html xmlns="http://www.w3.org/1999/xhtml" xml:lang="en" lang="en">
 <head>
  <title>
</title>
<meta http-equiv="Content-Type" content="text/html;charset=utf-8" />
  <meta name='ocr-system' content='tesseract 3.04.00' />
  <meta name='ocr-capabilities' content='ocr_page ocr_carea ocr_par ocr_line ocrx_word'/>
</head>
<body>
  <div class='ocr_page' id='page_1' title='image "./conspectusjuris00czirgoog_0217.png"; bbox 0 0 3158 4864; ppageno 0'>
   <div class='ocr_carea' id='block_1_1' title="bbox 1302 175 1415 307">
    <p class='ocr_par' dir='ltr' id='par_1_1' title="bbox 1302 175 1415 307">
     <span class='ocr_line' id='line_1_1' title="bbox 1302 175 1415 307; baseline 0.027 -4"><span class='ocrx_word' id='word_1_1' title='bbox 1302 228 1374 307; x_wconf 78' lang='lat' dir='ltr'>aar</span> <span class='ocrx_word' id='word_1_2' title='bbox 1412 175 1415 183; x_wconf 36' lang='lat'><em>¹</em></span> 
     </span>
    </p>
   </div>
   <div class='ocr_carea' id='block_1_2' title="bbox 135 387 1374 2449">
    <p class='ocr_par' dir='ltr' id='par_1_2' title="bbox 229 387 1374 1506">
     <span class='ocr_line' id='line_1_2' title="bbox 259 387 1374 473; baseline 0.005 -20"><span class='ocrx_word' id='word_1_3' title='bbox 259 390 397 470; x_wconf 83' lang='lat' dir='ltr'>„tionem</span> <span class='ocrx_word' id='word_1_4' title='bbox 419 387 587 456; x_wconf 81' lang='lat' dir='ltr'>Univerais</span> <span class='ocrx_word' id='word_1_5' title='bbox 608 391 778 456; x_wconf 78' lang='lat' dir='ltr'>Nobilibus</span> <span class='ocrx_word' id='word_1_6' title='bbox 801 387 977 458; x_wconf 72' lang='lat' dir='ltr'>Comitatus</span> <span class='ocrx_word' id='word_1_7' title='bbox 1001 425 1049 440; x_wconf 85' lang='lat'>-·</span> <span class='ocrx_word' id='word_1_8' title='bbox 1062 405 1152 442; x_wconf 80' lang='grc'><strong>-’-·-</strong></span> <span class='ocrx_word' id='word_1_9' title='bbox 1177 391 1374 473; x_wconf 55' lang='lat' dir='ltr'>celebrasse&lt;-</span> 
     </span>
     <span class='ocr_line' id='line_1_3' title="bbox 258 475 1373 564; baseline 0.002 -24"><span class='ocrx_word' id='word_1_10' title='bbox 258 495 368 556; x_wconf 85' lang='lat' dir='ltr'>„mus,</span> <span class='ocrx_word' id='word_1_11' title='bbox 402 476 454 559; x_wconf 92' lang='lat' dir='ltr'>qui</span> <span class='ocrx_word' id='word_1_12' title='bbox 485 477 608 558; x_wconf 90' lang='lat' dir='ltr'>quidem</span> <span class='ocrx_word' id='word_1_13' title='bbox 638 479 781 542; x_wconf 84' lang='lat' dir='ltr'>universi</span> <span class='ocrx_word' id='word_1_14' title='bbox 807 476 957 554; x_wconf 77' lang='lat' dir='ltr'><strong>Nobiles,</strong></span> <span class='ocrx_word' id='word_1_15' title='bbox 988 475 1150 564; x_wconf 84' lang='lat' dir='ltr'>juratiquo</span> <span class='ocrx_word' id='word_1_16' title='bbox 1181 481 1373 562; x_wconf 75' lang='lat' dir='ltr'>Asseasores</span> 
     </span>
     <span class='ocr_line' id='line_1_4' title="bbox 259 559 1374 646; baseline 0.003 -21"><span class='ocrx_word' id='word_1_17' title='bbox 259 559 421 646; x_wconf 91' lang='lat' dir='ltr'>„ejusdem</span> <span class='ocrx_word' id='word_1_18' title='bbox 454 559 630 627; x_wconf 77' lang='lat' dir='ltr'>Comitatus</span> <span class='ocrx_word' id='word_1_19' title='bbox 664 564 696 625; x_wconf 92' lang='lat' dir='ltr'>iu</span> <span class='ocrx_word' id='word_1_20' title='bbox 729 563 879 627; x_wconf 88' lang='lat' dir='ltr'>Nostram</span> <span class='ocrx_word' id='word_1_21' title='bbox 914 573 1118 646; x_wconf 76' lang='lat' dir='ltr'>exsurgentes</span> <span class='ocrx_word' id='word_1_22' title='bbox 1152 565 1374 644; x_wconf 79' lang='lat' dir='ltr'>praesentiam,</span> 
     </span>
     <span class='ocr_line' id='line_1_5' title="bbox 257 647 1372 730; baseline 0.004 -20"><span class='ocrx_word' id='word_1_23' title='bbox 257 648 410 727; x_wconf 92' lang='lat' dir='ltr'>„lilios</span> <span class='ocrx_word' id='word_1_24' title='bbox 450 647 555 710; x_wconf 89' lang='lat' dir='ltr'>Pous</span> <span class='ocrx_word' id='word_1_25' title='bbox 589 649 751 712; x_wconf 91' lang='lat' dir='ltr'>nomino</span> <span class='ocrx_word' id='word_1_26' title='bbox 793 650 1135 730; x_wconf 88' lang='lat' dir='ltr'>proscriptionis</span> <span class='ocrx_word' id='word_1_27' title='bbox 1170 657 1294 713; x_wconf 90' lang='lat' dir='ltr'>notae</span> <span class='ocrx_word' id='word_1_28' title='bbox 1326 650 1372 714; x_wconf 91' lang='lat' dir='ltr'>de</span> 
     </span>
     <span class='ocr_line' id='line_1_6' title="bbox 257 733 1372 817; baseline 0.003 -21"><span class='ocrx_word' id='word_1_29' title='bbox 257 735 413 814; x_wconf 90' lang='lat' dir='ltr'>„medlo</span> <span class='ocrx_word' id='word_1_30' title='bbox 450 733 641 813; x_wconf 86' lang='lat' dir='ltr'>ipsorum</span> <span class='ocrx_word' id='word_1_31' title='bbox 675 735 803 798; x_wconf 86' lang='lat' dir='ltr'>nobis</span> <span class='ocrx_word' id='word_1_32' title='bbox 836 733 1122 814; x_wconf 88' lang='lat' dir='ltr'>tradiderant,</span> <span class='ocrx_word' id='word_1_33' title='bbox 1158 753 1202 796; x_wconf 85' lang='lat' dir='ltr'>ex</span> <span class='ocrx_word' id='word_1_34' title='bbox 1235 754 1372 817; x_wconf 89' lang='lat' dir='ltr'>eoque</span> 
     </span>
     <span class='ocr_line' id='line_1_7' title="bbox 256 821 1372 901; baseline 0.002 -19"><span class='ocrx_word' id='word_1_35' title='bbox 256 828 471 899; x_wconf 67' lang='lat' dir='ltr'>,annotata</span> <span class='ocrx_word' id='word_1_36' title='bbox 493 821 710 900; x_wconf 79' lang='lat' dir='ltr'>possessio</span> <span class='ocrx_word' id='word_1_37' title='bbox 733 822 911 901; x_wconf 80' lang='lat' dir='ltr'>ipsorum</span> <span class='ocrx_word' id='word_1_38' title='bbox 934 823 1094 884; x_wconf 82' lang='lat' dir='ltr'>ratione</span> <span class='ocrx_word' id='word_1_39' title='bbox 1116 823 1372 901; x_wconf 81' lang='lat' dir='ltr'>praemissae</span> 
     </span>
     <span class='ocr_line' id='line_1_8' title="bbox 229 906 1371 988; baseline 0 -18"><span class='ocrx_word' id='word_1_40' title='bbox 229 907 608 988; x_wconf 64' lang='lat' dir='ltr'>,proscriptionis</span> <span class='ocrx_word' id='word_1_41' title='bbox 631 915 749 970; x_wconf 87' lang='lat' dir='ltr'>notae</span> <span class='ocrx_word' id='word_1_42' title='bbox 772 906 947 968; x_wconf 80' lang='lat' dir='ltr'>Nostris</span> <span class='ocrx_word' id='word_1_43' title='bbox 978 907 1170 972; x_wconf 87' lang='lat' dir='ltr'>manibus</span> <span class='ocrx_word' id='word_1_44' title='bbox 1194 909 1371 970; x_wconf 85' lang='lat' dir='ltr'>exstite-</span> 
     </span>
     <span class='ocr_line' id='line_1_9' title="bbox 256 991 1371 1074; baseline 0.001 -18"><span class='ocrx_word' id='word_1_45' title='bbox 256 1001 341 1074; x_wconf 86' lang='lat' dir='ltr'>„rat</span> <span class='ocrx_word' id='word_1_46' title='bbox 364 991 570 1056; x_wconf 87' lang='lat' dir='ltr'>devoluta.</span> <span class='ocrx_word' id='word_1_47' title='bbox 594 994 733 1055; x_wconf 82' lang='lat' dir='ltr'>Tandem</span> <span class='ocrx_word' id='word_1_48' title='bbox 756 992 823 1054; x_wconf 90' lang='lat' dir='ltr'>Nos</span> <span class='ocrx_word' id='word_1_49' title='bbox 846 994 885 1053; x_wconf 89' lang='lat' dir='ltr'>ad</span> <span class='ocrx_word' id='word_1_50' title='bbox 905 992 1146 1056; x_wconf 78' lang='lat' dir='ltr'>instantissimis</span> <span class='ocrx_word' id='word_1_51' title='bbox 1167 993 1371 1072; x_wconf 83' lang='lat' dir='ltr'>petitionibus</span> 
     </span>
     <span class='ocr_line' id='line_1_10' title="bbox 255 1071 1373 1164; baseline -0.002 -22"><span class='ocrx_word' id='word_1_52' title='bbox 255 1079 363 1164; x_wconf 88' lang='lat' dir='ltr'>,‚(sic)</span> <span class='ocrx_word' id='word_1_53' title='bbox 386 1079 613 1159; x_wconf 87' lang='lat' dir='ltr'>Magistrorum</span> <span class='ocrx_word' id='word_1_54' title='bbox 636 1078 764 1155; x_wconf 85' lang='lat' dir='ltr'>daoobi,</span> <span class='ocrx_word' id='word_1_55' title='bbox 797 1085 826 1139; x_wconf 91' lang='lat' dir='ltr'>et</span> <span class='ocrx_word' id='word_1_56' title='bbox 855 1077 946 1139; x_wconf 91' lang='lat' dir='ltr'>Pauli</span> <span class='ocrx_word' id='word_1_57' title='bbox 976 1077 1128 1141; x_wconf 83' lang='lat' dir='ltr'>Filiorum</span> <span class='ocrx_word' id='word_1_58' title='bbox 1159 1071 1308 1160; x_wconf 85' lang='lat' dir='ltr'>Magistri</span> <span class='ocrx_word' id='word_1_59' title='bbox 1329 1099 1373 1124; x_wconf 89' lang='lat'>·-</span> 
     </span>
     <span class='ocr_line' id='line_1_11' title="bbox 255 1165 1372 1247; baseline 0.001 -21"><span class='ocrx_word' id='word_1_60' title='bbox 255 1202 317 1247; x_wconf 44' lang='grc' dir='ltr'>,Γ</span> <span class='ocrx_word' id='word_1_61' title='bbox 348 1201 384 1211; x_wconf 94' lang='grc'>-</span> <span class='ocrx_word' id='word_1_62' title='bbox 415 1165 589 1246; x_wconf 90' lang='lat' dir='ltr'>primorum</span> <span class='ocrx_word' id='word_1_63' title='bbox 626 1173 807 1232; x_wconf 79' lang='lat' dir='ltr'>nostrorum</span> <span class='ocrx_word' id='word_1_64' title='bbox 843 1165 966 1226; x_wconf 88' lang='lat' dir='ltr'>ratione</span> <span class='ocrx_word' id='word_1_65' title='bbox 1006 1165 1218 1244; x_wconf 83' lang='lat' dir='ltr'>proximitatis</span> <span class='ocrx_word' id='word_1_66' title='bbox 1256 1166 1372 1228; x_wconf 88' lang='lat' dir='ltr'>dictam</span> 
     </span>
     <span class='ocr_line' id='line_1_12' title="bbox 255 1250 1373 1334; baseline -0.004 -18"><span class='ocrx_word' id='word_1_67' title='bbox 255 1252 514 1334; x_wconf 85' lang='lat' dir='ltr'>„Possessionem</span> <span class='ocrx_word' id='word_1_68' title='bbox 537 1287 578 1298; x_wconf 95' lang='lat'><em>-</em></span> <span class='ocrx_word' id='word_1_69' title='bbox 600 1282 640 1298; x_wconf 51' lang='grc' dir='ltr'>-υ</span> <span class='ocrx_word' id='word_1_70' title='bbox 668 1287 703 1296; x_wconf 94' lang='grc'>-</span> <span class='ocrx_word' id='word_1_71' title='bbox 730 1271 799 1313; x_wconf 93' lang='lat' dir='ltr'>cum</span> <span class='ocrx_word' id='word_1_72' title='bbox 832 1250 977 1312; x_wconf 87' lang='lat' dir='ltr'>omnibus</span> <span class='ocrx_word' id='word_1_73' title='bbox 1002 1253 1071 1313; x_wconf 88' lang='lat' dir='ltr'>suis</span> <span class='ocrx_word' id='word_1_74' title='bbox 1102 1251 1310 1328; x_wconf 77' lang='lat' dir='ltr'>utilitatibus,</span> <span class='ocrx_word' id='word_1_75' title='bbox 1341 1257 1373 1312; x_wconf 85' lang='lat' dir='ltr'>et</span> 
     </span>
     <span class='ocr_line' id='line_1_13' title="bbox 254 1335 1373 1419; baseline -0.004 -18"><span class='ocrx_word' id='word_1_76' title='bbox 254 1340 444 1419; x_wconf 87' lang='lat' dir='ltr'>„utilitatum</span> <span class='ocrx_word' id='word_1_77' title='bbox 461 1336 693 1419; x_wconf 84' lang='lat' dir='ltr'>integritatibus</span> <span class='ocrx_word' id='word_1_78' title='bbox 711 1335 768 1414; x_wconf 79' lang='lat' dir='ltr'>cic,</span> <span class='ocrx_word' id='word_1_79' title='bbox 791 1342 943 1398; x_wconf 91' lang='lat' dir='ltr'>eteorum</span> <span class='ocrx_word' id='word_1_80' title='bbox 960 1337 1159 1412; x_wconf 83' lang='lat' dir='ltr'>haeredibus,</span> <span class='ocrx_word' id='word_1_81' title='bbox 1183 1336 1373 1398; x_wconf 87' lang='lat' dir='ltr'>haeredum-</span> 
     </span>
     <span class='ocr_line' id='line_1_14' title="bbox 255 1419 1373 1506; baseline -0.004 -18"><span class='ocrx_word' id='word_1_82' title='bbox 255 1445 334 1506; x_wconf 90' lang='lat' dir='ltr'>„que</span> <span class='ocrx_word' id='word_1_83' title='bbox 366 1426 509 1506; x_wconf 86' lang='lat' dir='ltr'>ipsorum</span> <span class='ocrx_word' id='word_1_84' title='bbox 536 1423 778 1486; x_wconf 73' lang='lat' dir='ltr'>&#39;successoribus</span> <span class='ocrx_word' id='word_1_85' title='bbox 809 1441 846 1482; x_wconf 91' lang='lat' dir='ltr'>eo</span> <span class='ocrx_word' id='word_1_86' title='bbox 875 1419 966 1505; x_wconf 88' lang='lat' dir='ltr'>jure,</span> <span class='ocrx_word' id='word_1_87' title='bbox 1001 1441 1060 1502; x_wconf 92' lang='lat' dir='ltr'>quo</span> <span class='ocrx_word' id='word_1_88' title='bbox 1093 1423 1183 1484; x_wconf 86' lang='lat' dir='ltr'>nobis</span> <span class='ocrx_word' id='word_1_89' title='bbox 1215 1423 1373 1501; x_wconf 89' lang='lat' dir='ltr'>pertinere</span> 
     </span>
    </p>

    <p class='ocr_par' dir='ltr' id='par_1_3' title="bbox 170 1507 1373 2103">
     <span class='ocr_line' id='line_1_15' title="bbox 170 1507 1370 1593; baseline -0.003 -17"><span class='ocrx_word' id='word_1_90' title='bbox 170 1511 172 1516; x_wconf 70' lang='grc'>’</span> <span class='ocrx_word' id='word_1_91' title='bbox 256 1511 491 1593; x_wconf 85' lang='lat' dir='ltr'>„dignoscitur,</span> <span class='ocrx_word' id='word_1_92' title='bbox 521 1515 672 1590; x_wconf 86' lang='lat' dir='ltr'>perpetuo</span> <span class='ocrx_word' id='word_1_93' title='bbox 705 1508 851 1572; x_wconf 82' lang='lat' dir='ltr'>duximus</span> <span class='ocrx_word' id='word_1_94' title='bbox 888 1507 1105 1570; x_wconf 85' lang='lat' dir='ltr'>conferendam</span> <span class='ocrx_word' id='word_1_95' title='bbox 1148 1516 1206 1572; x_wconf 87' lang='lat' dir='ltr'>ete.</span> <span class='ocrx_word' id='word_1_96' title='bbox 1253 1508 1370 1583; x_wconf 85' lang='lat' dir='ltr'>Datum</span> 
     </span>
     <span class='ocr_line' id='line_1_16' title="bbox 254 1593 1370 1677; baseline -0.003 -18"><span class='ocrx_word' id='word_1_97' title='bbox 254 1598 368 1677; x_wconf 78' lang='lat' dir='ltr'>„Feria</span> <span class='ocrx_word' id='word_1_98' title='bbox 400 1597 434 1658; x_wconf 74' lang='lat'>2³</span> <span class='ocrx_word' id='word_1_99' title='bbox 458 1599 601 1676; x_wconf 84' lang='lat' dir='ltr'>proxima</span> <span class='ocrx_word' id='word_1_100' title='bbox 645 1603 717 1676; x_wconf 89' lang='lat' dir='ltr'>post</span> <span class='ocrx_word' id='word_1_101' title='bbox 762 1594 889 1657; x_wconf 82' lang='lat' dir='ltr'>Festum</span> <span class='ocrx_word' id='word_1_102' title='bbox 922 1594 1100 1656; x_wconf 86' lang='lat' dir='ltr'>Divisionis</span> <span class='ocrx_word' id='word_1_103' title='bbox 1143 1593 1370 1672; x_wconf 86' lang='lat' dir='ltr'>Apostolorum</span> 
     </span>
     <span class='ocr_line' id='line_1_17' title="bbox 253 1671 1373 1762; baseline -0.004 -16"><span class='ocrx_word' id='word_1_104' title='bbox 253 1683 474 1762; x_wconf 80' lang='lat' dir='ltr'><strong>„n013550·“</strong></span> <span class='ocrx_word' id='word_1_105' title='bbox 497 1681 558 1745; x_wconf 91' lang='lat' dir='ltr'>His</span> <span class='ocrx_word' id='word_1_106' title='bbox 581 1681 680 1744; x_wconf 89' lang='lat' dir='ltr'>adhuc</span> <span class='ocrx_word' id='word_1_107' title='bbox 704 1681 889 1758; x_wconf 90' lang='lat' dir='ltr'>anteriores,</span> <span class='ocrx_word' id='word_1_108' title='bbox 912 1679 1081 1743; x_wconf 64' lang='lat' dir='ltr'>dissiliret</span> <span class='ocrx_word' id='word_1_109' title='bbox 1105 1679 1201 1743; x_wconf 76' lang='lat'><strong>1273.</strong></span> <span class='ocrx_word' id='word_1_110' title='bbox 1221 1671 1373 1760; x_wconf 89' lang='lat' dir='ltr'>Dionysii</span> 
     </span>
     <span class='ocr_line' id='line_1_18' title="bbox 254 1761 1372 1853; baseline -0.006 -18"><span class='ocrx_word' id='word_1_111' title='bbox 254 1770 388 1835; x_wconf 83' lang='lat' dir='ltr'>Comitis</span> <span class='ocrx_word' id='word_1_112' title='bbox 409 1768 446 1830; x_wconf 94' lang='lat' dir='ltr'>de</span> <span class='ocrx_word' id='word_1_113' title='bbox 469 1768 580 1832; x_wconf 85' lang='lat' dir='ltr'>Okliolr</span> <span class='ocrx_word' id='word_1_114' title='bbox 595 1769 639 1853; x_wconf 79' lang='lat'>⁸),</span> <span class='ocrx_word' id='word_1_115' title='bbox 662 1767 742 1831; x_wconf 88' lang='lat' dir='ltr'>aliae</span> <span class='ocrx_word' id='word_1_116' title='bbox 765 1769 839 1829; x_wconf 89' lang='lat' dir='ltr'>item</span> <span class='ocrx_word' id='word_1_117' title='bbox 860 1767 1084 1848; x_wconf 85' lang='lat' dir='ltr'>quinquaginta</span> <span class='ocrx_word' id='word_1_118' title='bbox 1100 1766 1193 1829; x_wconf 89' lang='lat' dir='ltr'>annis</span> <span class='ocrx_word' id='word_1_119' title='bbox 1215 1761 1372 1829; x_wconf 82' lang='lat' dir='ltr'>tardiores</span> 
     </span>
     <span class='ocr_line' id='line_1_19' title="bbox 253 1849 1372 1938; baseline -0.006 -18"><span class='ocrx_word' id='word_1_120' title='bbox 253 1858 350 1938; x_wconf 83' lang='lat' dir='ltr'>Moys</span> <span class='ocrx_word' id='word_1_121' title='bbox 367 1855 503 1916; x_wconf 87' lang='lat' dir='ltr'>Palatini</span> <span class='ocrx_word' id='word_1_122' title='bbox 516 1855 552 1938; x_wconf 84' lang='lat' dir='ltr'>b)</span> <span class='ocrx_word' id='word_1_123' title='bbox 577 1863 756 1930; x_wconf 86' lang='lat' dir='ltr'>occurrunt,</span> <span class='ocrx_word' id='word_1_124' title='bbox 780 1854 925 1935; x_wconf 85' lang='lat' dir='ltr'>epochae,</span> <span class='ocrx_word' id='word_1_125' title='bbox 944 1871 1005 1932; x_wconf 88' lang='lat' dir='ltr'>qua</span> <span class='ocrx_word' id='word_1_126' title='bbox 1024 1852 1183 1916; x_wconf 84' lang='lat' dir='ltr'>dudioium</span> <span class='ocrx_word' id='word_1_127' title='bbox 1198 1849 1372 1915; x_wconf 87' lang='lat' dir='ltr'>Palatinala</span> 
     </span>
     <span class='ocr_line' id='line_1_20' title="bbox 253 1939 1371 2020; baseline -0.004 -16"><span class='ocrx_word' id='word_1_128' title='bbox 253 1943 439 2005; x_wconf 80' lang='lat' dir='ltr'>exstinctum</span> <span class='ocrx_word' id='word_1_129' title='bbox 470 1949 535 2015; x_wconf 85' lang='lat' dir='ltr'>est,</span> <span class='ocrx_word' id='word_1_130' title='bbox 556 1942 730 2018; x_wconf 80' lang='lat' dir='ltr'>proximam</span> <span class='ocrx_word' id='word_1_131' title='bbox 761 1957 809 1999; x_wconf 90' lang='lat' dir='ltr'>me</span> <span class='ocrx_word' id='word_1_132' title='bbox 838 1939 953 2020; x_wconf 85' lang='lat' dir='ltr'>legisse</span> <span class='ocrx_word' id='word_1_133' title='bbox 983 1940 1132 2001; x_wconf 88' lang='lat' dir='ltr'>recordor</span> <span class='ocrx_word' id='word_1_134' title='bbox 1161 1939 1371 2000; x_wconf 81' lang='lat' dir='ltr'>Donationans</span> 
     </span>
     <span class='ocr_line' id='line_1_21' title="bbox 253 2022 1371 2103; baseline -0.004 -13"><span class='ocrx_word' id='word_1_135' title='bbox 253 2029 379 2090; x_wconf 82' lang='lat' dir='ltr'>mixtam</span> <span class='ocrx_word' id='word_1_136' title='bbox 401 2025 537 2086; x_wconf 88' lang='lat' dir='ltr'>Palatini</span> <span class='ocrx_word' id='word_1_137' title='bbox 559 2024 725 2086; x_wconf 83' lang='lat' dir='ltr'>Michaelis</span> <span class='ocrx_word' id='word_1_138' title='bbox 746 2022 869 2103; x_wconf 82' lang='lat' dir='ltr'>Orszdg</span> <span class='ocrx_word' id='word_1_139' title='bbox 889 2023 1026 2103; x_wconf 77' lang='lat' dir='ltr'>Georgia</span> <span class='ocrx_word' id='word_1_140' title='bbox 1048 2024 1149 2088; x_wconf 84' lang='lat' dir='ltr'>Peuce</span> <span class='ocrx_word' id='word_1_141' title='bbox 1173 2024 1209 2086; x_wconf 94' lang='lat' dir='ltr'>de</span> <span class='ocrx_word' id='word_1_142' title='bbox 1233 2024 1371 2101; x_wconf 77' lang='lat' dir='ltr'>Varked,</span> 
     </span>
    </p>

    <p class='ocr_par' dir='ltr' id='par_1_4' title="bbox 135 2105 1371 2449">
     <span class='ocr_line' id='line_1_22' title="bbox 254 2105 1371 2194; baseline -0.006 -17"><span class='ocrx_word' id='word_1_143' title='bbox 254 2115 310 2176; x_wconf 89' lang='lat' dir='ltr'>sed</span> <span class='ocrx_word' id='word_1_144' title='bbox 333 2131 406 2194; x_wconf 85' lang='lat' dir='ltr'>erga</span> <span class='ocrx_word' id='word_1_145' title='bbox 437 2108 652 2186; x_wconf 75' lang='lat' dir='ltr'>consensum,</span> <span class='ocrx_word' id='word_1_146' title='bbox 682 2128 702 2169; x_wconf 88' lang='lat' dir='ltr'>a</span> <span class='ocrx_word' id='word_1_147' title='bbox 721 2109 806 2190; x_wconf 86' lang='lat' dir='ltr'>Rege</span> <span class='ocrx_word' id='word_1_148' title='bbox 833 2107 1062 2186; x_wconf 85' lang='lat' dir='ltr'>impetrandum</span> <span class='ocrx_word' id='word_1_149' title='bbox 1083 2109 1127 2170; x_wconf 81' lang='grc' dir='ltr'>Α0</span> <span class='ocrx_word' id='word_1_150' title='bbox 1144 2105 1237 2170; x_wconf 79' lang='lat' dir='ltr'>laos.</span> <span class='ocrx_word' id='word_1_151' title='bbox 1256 2111 1371 2178; x_wconf 81' lang='lat' dir='ltr'>datam,</span> 
     </span>
     <span class='ocr_line' id='line_1_23' title="bbox 166 2192 1371 2284; baseline -0.006 -21"><span class='ocrx_word' id='word_1_152' title='bbox 166 2198 244 2284; x_wconf 70' lang='lat' dir='ltr'>aas)</span> <span class='ocrx_word' id='word_1_153' title='bbox 268 2199 427 2262; x_wconf 89' lang='lat' dir='ltr'>Disoimus</span> <span class='ocrx_word' id='word_1_154' title='bbox 449 2195 521 2258; x_wconf 92' lang='lat' dir='ltr'>iude</span> <span class='ocrx_word' id='word_1_155' title='bbox 553 2214 617 2258; x_wconf 90' lang='lat' dir='ltr'>nou</span> <span class='ocrx_word' id='word_1_156' title='bbox 645 2201 765 2257; x_wconf 86' lang='lat' dir='ltr'>tantum</span> <span class='ocrx_word' id='word_1_157' title='bbox 795 2194 835 2254; x_wconf 90' lang='lat' dir='ltr'>ad</span> <span class='ocrx_word' id='word_1_158' title='bbox 856 2192 1044 2270; x_wconf 89' lang='lat' dir='ltr'>Palatinum,</span> <span class='ocrx_word' id='word_1_159' title='bbox 1068 2194 1123 2260; x_wconf 88' lang='lat' dir='ltr'>sed</span> <span class='ocrx_word' id='word_1_160' title='bbox 1157 2196 1196 2256; x_wconf 88' lang='lat' dir='ltr'>ad</span> <span class='ocrx_word' id='word_1_161' title='bbox 1226 2192 1371 2257; x_wconf 85' lang='lat' dir='ltr'>Judicem</span> 
     </span>
     <span class='ocr_line' id='line_1_24' title="bbox 135 2271 1368 2368; baseline -0.005 -20"><span class='ocrx_word' id='word_1_162' title='bbox 135 2355 137 2360; x_wconf 22' lang='lat'><strong><em>¹</em></strong></span> <span class='ocrx_word' id='word_1_163' title='bbox 255 2304 375 2366; x_wconf 90' lang='lat' dir='ltr'>quoque</span> <span class='ocrx_word' id='word_1_164' title='bbox 399 2281 514 2345; x_wconf 76' lang='lat' dir='ltr'>(iuriae</span> <span class='ocrx_word' id='word_1_165' title='bbox 537 2279 664 2364; x_wconf 81' lang='lat' dir='ltr'>Regiae,</span> <span class='ocrx_word' id='word_1_166' title='bbox 688 2281 716 2342; x_wconf 92' lang='lat' dir='ltr'>si</span> <span class='ocrx_word' id='word_1_167' title='bbox 740 2299 848 2360; x_wconf 88' lang='lat' dir='ltr'>nempe</span> <span class='ocrx_word' id='word_1_168' title='bbox 875 2279 1035 2342; x_wconf 74' lang='lat' dir='ltr'>iudicium</span> <span class='ocrx_word' id='word_1_169' title='bbox 1058 2275 1202 2362; x_wconf 87' lang='lat' dir='ltr'>generale</span> <span class='ocrx_word' id='word_1_170' title='bbox 1226 2271 1368 2368; x_wconf 57' lang='lat' dir='ltr'>celebras·</span> 
     </span>
     <span class='ocr_line' id='line_1_25' title="bbox 253 2365 1345 2449; baseline -0.009 -14"><span class='ocrx_word' id='word_1_171' title='bbox 253 2371 327 2449; x_wconf 91' lang='lat' dir='ltr'>bat,</span> <span class='ocrx_word' id='word_1_172' title='bbox 349 2371 431 2432; x_wconf 87' lang='lat' dir='ltr'>bona</span> <span class='ocrx_word' id='word_1_173' title='bbox 452 2367 518 2431; x_wconf 87' lang='lat' dir='ltr'>vita</span> <span class='ocrx_word' id='word_1_174' title='bbox 539 2367 758 2431; x_wconf 85' lang='lat' dir='ltr'>mulctatorum</span> <span class='ocrx_word' id='word_1_175' title='bbox 781 2367 882 2430; x_wconf 89' lang='lat' dir='ltr'>luisse</span> <span class='ocrx_word' id='word_1_176' title='bbox 905 2365 1061 2430; x_wconf 86' lang='lat' dir='ltr'>devoluta.</span> <span class='ocrx_word' id='word_1_177' title='bbox 1343 2371 1345 2378; x_wconf 83' lang='grc'><em>’</em></span> 
     </span>
    </p>
   </div>
   <div class='ocr_carea' id='block_1_3' title="bbox 364 2481 1171 2674">
    <p class='ocr_par' dir='ltr' id='par_1_5' title="bbox 364 2481 1171 2674">
     <span class='ocr_line' id='line_1_26' title="bbox 364 2481 1171 2674; baseline -0.007 -16"><span class='ocrx_word' id='word_1_178' title='bbox 364 2587 414 2658; x_wconf 80' lang='lat' dir='ltr'>Ac</span> <span class='ocrx_word' id='word_1_179' title='bbox 437 2481 1171 2674; x_wconf 57' lang='lat' dir='ltr'>Douurz·0oes§13aibrbbuleecoaternus„</span> 
     </span>
    </p>
   </div>
   <div class='ocr_carea' id='block_1_4' title="bbox 167 2707 1386 3926">
    <p class='ocr_par' dir='ltr' id='par_1_6' title="bbox 167 2707 1386 3600">
     <span class='ocr_line' id='line_1_27' title="bbox 269 2707 1360 2802; baseline -0.004 -20"><span class='ocrx_word' id='word_1_180' title='bbox 269 2709 350 2782; x_wconf 86' lang='lat' dir='ltr'>Alia</span> <span class='ocrx_word' id='word_1_181' title='bbox 379 2708 608 2802; x_wconf 89' lang='lat' dir='ltr'>subingressa</span> <span class='ocrx_word' id='word_1_182' title='bbox 629 2718 685 2780; x_wconf 87' lang='lat' dir='ltr'>est</span> <span class='ocrx_word' id='word_1_183' title='bbox 703 2707 943 2779; x_wconf 89' lang='lat' dir='ltr'>Donationum·</span> <span class='ocrx_word' id='word_1_184' title='bbox 967 2707 1208 2782; x_wconf 85' lang='lat' dir='ltr'>Palatinalium</span> <span class='ocrx_word' id='word_1_185' title='bbox 1236 2707 1360 2782; x_wconf 89' lang='lat' dir='ltr'>iacies.</span> 
     </span>
     <span class='ocr_line' id='line_1_28' title="bbox 169 2808 1366 2905; baseline -0.002 -19"><span class='ocrx_word' id='word_1_186' title='bbox 169 2811 331 2886; x_wconf 83' lang='lat' dir='ltr'>Conferri</span> <span class='ocrx_word' id='word_1_187' title='bbox 350 2833 414 2905; x_wconf 90' lang='lat' dir='ltr'>per</span> <span class='ocrx_word' id='word_1_188' title='bbox 433 2811 496 2882; x_wconf 90' lang='lat' dir='ltr'>bas</span> <span class='ocrx_word' id='word_1_189' title='bbox 524 2809 753 2904; x_wconf 85' lang='lat' dir='ltr'>prohibentur</span> <span class='ocrx_word' id='word_1_190' title='bbox 771 2809 871 2882; x_wconf 91' lang='lat' dir='ltr'>Bona</span> <span class='ocrx_word' id='word_1_191' title='bbox 891 2809 935 2880; x_wconf 91' lang='lat' dir='ltr'>ad</span> <span class='ocrx_word' id='word_1_192' title='bbox 953 2808 1099 2883; x_wconf 85' lang='lat' dir='ltr'>Fiscum</span> <span class='ocrx_word' id='word_1_193' title='bbox 1119 2809 1161 2880; x_wconf 89' lang='lat' dir='ltr'>de</span> <span class='ocrx_word' id='word_1_194' title='bbox 1180 2809 1276 2882; x_wconf 87' lang='lat' dir='ltr'>iacto</span> <span class='ocrx_word' id='word_1_195' title='bbox 1292 2812 1366 2901; x_wconf 80' lang='lat' dir='ltr'>jam</span> 
     </span>
     <span class='ocr_line' id='line_1_29' title="bbox 169 2910 1366 3004; baseline -0.003 -17"><span class='ocrx_word' id='word_1_196' title='bbox 169 2915 335 2987; x_wconf 87' lang='lat' dir='ltr'>devoluta</span> <span class='ocrx_word' id='word_1_197' title='bbox 366 2913 419 3003; x_wconf 75' lang='lat'>⁶),</span> <span class='ocrx_word' id='word_1_198' title='bbox 446 2912 507 2985; x_wconf 83' lang='lat' dir='ltr'>vel</span> <span class='ocrx_word' id='word_1_199' title='bbox 535 2913 627 2983; x_wconf 88' lang='lat' dir='ltr'>ultra</span> <span class='ocrx_word' id='word_1_200' title='bbox 653 2931 852 2984; x_wconf 87' lang='lat' dir='ltr'>mensuram</span> <span class='ocrx_word' id='word_1_201' title='bbox 879 2913 1022 3004; x_wconf 84' lang='lat' dir='ltr'>triginta</span> <span class='ocrx_word' id='word_1_202' title='bbox 1054 2910 1198 2984; x_wconf 90' lang='lat' dir='ltr'>duarum</span> <span class='ocrx_word' id='word_1_203' title='bbox 1216 2912 1366 2986; x_wconf 84' lang='lat' dir='ltr'>Sessio-</span> 
     </span>
     <span class='ocr_line' id='line_1_30' title="bbox 167 3010 1367 3109; baseline -0.002 -20"><span class='ocrx_word' id='word_1_204' title='bbox 167 3040 249 3089; x_wconf 90' lang='lat' dir='ltr'>num</span> <span class='ocrx_word' id='word_1_205' title='bbox 278 3015 524 3088; x_wconf 90' lang='lat' dir='ltr'>oolonioalium</span> <span class='ocrx_word' id='word_1_206' title='bbox 556 3010 613 3104; x_wconf 81' lang='lat' dir='ltr'>d),</span> <span class='ocrx_word' id='word_1_207' title='bbox 642 3035 711 3085; x_wconf 90' lang='lat' dir='ltr'>nec</span> <span class='ocrx_word' id='word_1_208' title='bbox 736 3013 805 3086; x_wconf 89' lang='lat' dir='ltr'>boc</span> <span class='ocrx_word' id='word_1_209' title='bbox 835 3036 881 3085; x_wconf 88' lang='lat' dir='ltr'>ex</span> <span class='ocrx_word' id='word_1_210' title='bbox 908 3023 1076 3108; x_wconf 81' lang='lat' dir='ltr'>respectu</span> <span class='ocrx_word' id='word_1_211' title='bbox 1103 3015 1216 3104; x_wconf 84' lang='lat' dir='ltr'>majus</span> <span class='ocrx_word' id='word_1_212' title='bbox 1236 3037 1367 3109; x_wconf 87' lang='lat' dir='ltr'>corpus</span> 
     </span>
     <span class='ocr_line' id='line_1_31' title="bbox 168 3115 1366 3212; baseline -0.002 -23"><span class='ocrx_word' id='word_1_213' title='bbox 168 3118 297 3207; x_wconf 84' lang='lat' dir='ltr'>dividi,</span> <span class='ocrx_word' id='word_1_214' title='bbox 336 3119 559 3211; x_wconf 86' lang='lat' dir='ltr'>pariitimquo</span> <span class='ocrx_word' id='word_1_215' title='bbox 595 3116 740 3205; x_wconf 88' lang='lat' dir='ltr'>donari,</span> <span class='ocrx_word' id='word_1_216' title='bbox 777 3139 845 3188; x_wconf 86' lang='lat' dir='ltr'>noo</span> <span class='ocrx_word' id='word_1_217' title='bbox 879 3139 948 3188; x_wconf 90' lang='lat' dir='ltr'>una</span> <span class='ocrx_word' id='word_1_218' title='bbox 980 3115 1174 3209; x_wconf 89' lang='lat' dir='ltr'>eademque</span> <span class='ocrx_word' id='word_1_219' title='bbox 1210 3137 1366 3212; x_wconf 88' lang='lat' dir='ltr'>persona</span> 
     </span>
     <span class='ocr_line' id='line_1_32' title="bbox 167 3216 1365 3318; baseline -0.003 -26"><span class='ocrx_word' id='word_1_220' title='bbox 167 3222 301 3318; x_wconf 85' lang='lat' dir='ltr'>pluries</span> <span class='ocrx_word' id='word_1_221' title='bbox 329 3219 396 3289; x_wconf 89' lang='lat' dir='ltr'>bac</span> <span class='ocrx_word' id='word_1_222' title='bbox 422 3221 559 3288; x_wconf 84' lang='lat' dir='ltr'>ratione</span> <span class='ocrx_word' id='word_1_223' title='bbox 587 3216 685 3288; x_wconf 91' lang='lat' dir='ltr'>beari</span> <span class='ocrx_word' id='word_1_224' title='bbox 713 3220 912 3310; x_wconf 87' lang='lat' dir='ltr'>admissum.</span> <span class='ocrx_word' id='word_1_225' title='bbox 957 3217 1157 3312; x_wconf 87' lang='lat' dir='ltr'>Aliquando</span> <span class='ocrx_word' id='word_1_226' title='bbox 1191 3218 1365 3308; x_wconf 90' lang='lat' dir='ltr'>ejusmodi</span> 
     </span>
     <span class='ocr_line' id='line_1_33' title="bbox 167 3319 1386 3418; baseline -0.002 -23"><span class='ocrx_word' id='word_1_227' title='bbox 167 3325 387 3395; x_wconf 87' lang='lat' dir='ltr'>Donationos</span> <span class='ocrx_word' id='word_1_228' title='bbox 414 3319 507 3412; x_wconf 90' lang='lat' dir='ltr'>Regi</span> <span class='ocrx_word' id='word_1_229' title='bbox 533 3322 723 3412; x_wconf 88' lang='lat' dir='ltr'>insinuari,</span> <span class='ocrx_word' id='word_1_230' title='bbox 750 3322 855 3416; x_wconf 88' lang='lat' dir='ltr'>idque</span> <span class='ocrx_word' id='word_1_231' title='bbox 881 3325 973 3393; x_wconf 84' lang='lat' dir='ltr'>intra</span> <span class='ocrx_word' id='word_1_232' title='bbox 1003 3343 1130 3392; x_wconf 90' lang='lat' dir='ltr'>annum</span> <span class='ocrx_word' id='word_1_233' title='bbox 1158 3320 1220 3393; x_wconf 87' lang='lat' dir='ltr'>sub</span> <span class='ocrx_word' id='word_1_234' title='bbox 1249 3343 1386 3418; x_wconf 67' lang='lat' dir='ltr'>poenav</span> 
     </span>
     <span class='ocr_line' id='line_1_34' title="bbox 167 3419 1364 3519; baseline -0.003 -19"><span class='ocrx_word' id='word_1_235' title='bbox 167 3426 335 3500; x_wconf 87' lang='lat' dir='ltr'>nullitatis</span> <span class='ocrx_word' id='word_1_236' title='bbox 362 3423 538 3519; x_wconf 87' lang='lat' dir='ltr'>praestari</span> <span class='ocrx_word' id='word_1_237' title='bbox 558 3421 707 3496; x_wconf 84' lang='lat' dir='ltr'>debebat</span> <span class='ocrx_word' id='word_1_238' title='bbox 738 3426 782 3514; x_wconf 80' lang='lat'>⁰).</span> <span class='ocrx_word' id='word_1_239' title='bbox 806 3423 878 3498; x_wconf 87' lang='lat' dir='ltr'>Sed</span> <span class='ocrx_word' id='word_1_240' title='bbox 896 3421 938 3494; x_wconf 91' lang='lat' dir='ltr'>ab</span> <span class='ocrx_word' id='word_1_241' title='bbox 958 3424 1026 3496; x_wconf 85' lang='lat' dir='ltr'>ista</span> <span class='ocrx_word' id='word_1_242' title='bbox 1046 3419 1256 3497; x_wconf 74' lang='lat' dir='ltr'>condolore</span> <span class='ocrx_word' id='word_1_243' title='bbox 1276 3423 1364 3498; x_wconf 90' lang='lat' dir='ltr'>sub-</span> 
     </span>
     <span class='ocr_line' id='line_1_35' title="bbox 168 3522 545 3600; baseline -0.021 0"><span class='ocrx_word' id='word_1_244' title='bbox 168 3528 249 3600; x_wconf 85' lang='lat' dir='ltr'>inde</span> <span class='ocrx_word' id='word_1_245' title='bbox 267 3545 450 3600; x_wconf 80' lang='lat' dir='ltr'>recessum</span> <span class='ocrx_word' id='word_1_246' title='bbox 468 3522 545 3595; x_wconf 80' lang='lat' dir='ltr'>fuit.</span> 
     </span>
    </p>

    <p class='ocr_par' dir='ltr' id='par_1_7' title="bbox 270 3731 1367 3926">
     <span class='ocr_line' id='line_1_36' title="bbox 404 3731 1130 3822; baseline -0.004 -21"><span class='ocrx_word' id='word_1_247' title='bbox 404 3732 497 3801; x_wconf 86' lang='lat' dir='ltr'>Jore</span> <span class='ocrx_word' id='word_1_248' title='bbox 513 3732 848 3804; x_wconf 81' lang='lat' dir='ltr'>Locumtenentz‘uc</span> <span class='ocrx_word' id='word_1_249' title='bbox 874 3731 1020 3822; x_wconf 71' lang='lat' dir='ltr'>Regiae</span> <span class='ocrx_word' id='word_1_250' title='bbox 1035 3731 1130 3815; x_wconf 73' lang='lat' dir='ltr'>fieri.</span> 
     </span>
     <span class='ocr_line' id='line_1_37' title="bbox 270 3828 1367 3926; baseline -0.005 -20"><span class='ocrx_word' id='word_1_251' title='bbox 270 3834 324 3906; x_wconf 89' lang='lat' dir='ltr'>De</span> <span class='ocrx_word' id='word_1_252' title='bbox 343 3829 397 3905; x_wconf 89' lang='lat' dir='ltr'>bis</span> <span class='ocrx_word' id='word_1_253' title='bbox 417 3830 576 3905; x_wconf 86' lang='lat' dir='ltr'>omnibus</span> <span class='ocrx_word' id='word_1_254' title='bbox 595 3832 815 3906; x_wconf 86' lang='lat' dir='ltr'>enucleatius</span> <span class='ocrx_word' id='word_1_255' title='bbox 834 3831 946 3905; x_wconf 89' lang='lat' dir='ltr'>adbuc</span> <span class='ocrx_word' id='word_1_256' title='bbox 965 3832 1144 3905; x_wconf 86' lang='lat' dir='ltr'>disserere</span> <span class='ocrx_word' id='word_1_257' title='bbox 1158 3828 1222 3903; x_wconf 86' lang='lat' dir='ltr'>Jus</span> <span class='ocrx_word' id='word_1_258' title='bbox 1241 3830 1367 3926; x_wconf 86' lang='lat' dir='ltr'>priva-</span> 
     </span>
    </p>
   </div>
   <div class='ocr_carea' id='block_1_5' title="bbox 165 3955 1371 4048">
    <p class='ocr_par' dir='ltr' id='par_1_8' title="bbox 165 3955 1371 4048">
     <span class='ocr_line' id='line_1_38' title="bbox 165 3955 1371 4048; baseline 0.002 -17"><span class='ocrx_word' id='word_1_259' title='bbox 165 3963 470 4044; x_wconf 61' lang='lat' dir='ltr'>*s‘ffiaeuren</span> <span class='ocrx_word' id='word_1_260' title='bbox 487 3979 564 4034; x_wconf 78' lang='lat' dir='ltr'>vesu.</span> <span class='ocrx_word' id='word_1_261' title='bbox 580 3955 655 4034; x_wconf 68' lang='lat' dir='ltr'>comss</span> <span class='ocrx_word' id='word_1_262' title='bbox 673 3994 698 4048; x_wconf 77' lang='lat' dir='ltr'>p.</span> <span class='ocrx_word' id='word_1_263' title='bbox 710 3979 898 4048; x_wconf 73' lang='lat' dir='ltr'>aar.-rejer</span> <span class='ocrx_word' id='word_1_264' title='bbox 915 3981 978 4033; x_wconf 84' lang='lat' dir='ltr'>coo.</span> <span class='ocrx_word' id='word_1_265' title='bbox 993 3982 1065 4047; x_wconf 83' lang='lat' dir='ltr'>Dipl.</span> <span class='ocrx_word' id='word_1_266' title='bbox 1078 3980 1168 4046; x_wconf 73' lang='lat' dir='ltr'>flung.</span> <span class='ocrx_word' id='word_1_267' title='bbox 1184 3981 1215 4032; x_wconf 84' lang='lat' dir='ltr'>r.</span> <span class='ocrx_word' id='word_1_268' title='bbox 1231 3982 1255 4032; x_wconf 82' lang='lat' dir='ltr'>a.</span> <span class='ocrx_word' id='word_1_269' title='bbox 1268 3979 1330 4030; x_wconf 76' lang='lat' dir='ltr'>vn.</span> <span class='ocrx_word' id='word_1_270' title='bbox 1341 3982 1371 4034; x_wconf 81' lang='lat' dir='ltr'>s.</span> 
     </span>
    </p>
   </div>
   <div class='ocr_carea' id='block_1_6' title="bbox 196 3977 1368 4319">
    <p class='ocr_par' dir='ltr' id='par_1_9' title="bbox 196 3977 1368 4319">
     <span class='ocr_line' id='line_1_39' title="bbox 210 3977 352 4172; baseline -0.014 -69"><span class='ocrx_word' id='word_1_271' title='bbox 210 3977 222 4041; x_wconf 66' lang='grc'><strong>)</strong></span> <span class='ocrx_word' id='word_1_272' title='bbox 242 4065 272 4172; x_wconf 50' lang='grc' dir='ltr'><em>ἓ</em></span> <span class='ocrx_word' id='word_1_273' title='bbox 292 4050 352 4104; x_wconf 83' lang='grc'><strong>136.</strong></span> 
     </span>
     <span class='ocr_line' id='line_1_40' title="bbox 196 4119 1368 4194; baseline 0.003 -22"><span class='ocrx_word' id='word_1_274' title='bbox 196 4119 223 4185; x_wconf 70' lang='lat'>¹³)</span> <span class='ocrx_word' id='word_1_275' title='bbox 266 4134 312 4184; x_wconf 84' lang='lat' dir='ltr'>ray</span> <span class='ocrx_word' id='word_1_276' title='bbox 333 4119 644 4194; x_wconf 73' lang='lat' dir='ltr'>nisr.taeg.11uug.iu</span> <span class='ocrx_word' id='word_1_277' title='bbox 671 4128 727 4177; x_wconf 83' lang='lat' dir='ltr'>uot.</span> <span class='ocrx_word' id='word_1_278' title='bbox 753 4139 848 4193; x_wconf 87' lang='lat' dir='ltr'>praev.</span> <span class='ocrx_word' id='word_1_279' title='bbox 869 4138 895 4192; x_wconf 90' lang='lat' dir='ltr'>p.</span> <span class='ocrx_word' id='word_1_280' title='bbox 919 4119 1368 4189; x_wconf 71' lang='lat' dir='ltr'>uxrt.1aeje‘r0p.en.aoeun.</span> 
     </span>
     <span class='ocr_line' id='line_1_41' title="bbox 196 4257 365 4319; baseline -0.065 0"><span class='ocrx_word' id='word_1_281' title='bbox 196 4257 320 4319; x_wconf 79' lang='lat'><strong>⁰)1723.</strong></span> <span class='ocrx_word' id='word_1_282' title='bbox 339 4257 365 4312; x_wconf 80' lang='lat' dir='ltr'>a.</span> 
     </span>
    </p>
   </div>
   <div class='ocr_carea' id='block_1_7' title="bbox 141 4191 591 4469">
    <p class='ocr_par' dir='ltr' id='par_1_10' title="bbox 141 4191 591 4469">
     <span class='ocr_line' id='line_1_42' title="bbox 248 4191 328 4243; baseline -0.013 0"><span class='ocrx_word' id='word_1_283' title='bbox 248 4191 328 4243; x_wconf 75' lang='lat'><strong>1270.</strong></span> 
     </span>
     <span class='ocr_line' id='line_1_43' title="bbox 141 4330 591 4393; baseline 0.029 -22"><span class='ocrx_word' id='word_1_284' title='bbox 141 4367 144 4371; x_wconf 97' lang='lat'>.</span> <span class='ocrx_word' id='word_1_285' title='bbox 197 4330 226 4393; x_wconf 77' lang='lat' dir='ltr'>d)</span> <span class='ocrx_word' id='word_1_286' title='bbox 244 4333 323 4384; x_wconf 63' lang='lat'><strong>¹609·</strong></span> <span class='ocrx_word' id='word_1_287' title='bbox 341 4331 382 4383; x_wconf 73' lang='lat'>66·</span> <span class='ocrx_word' id='word_1_288' title='bbox 402 4353 437 4364; x_wconf 87' lang='grc'>“““</span> <span class='ocrx_word' id='word_1_289' title='bbox 455 4333 531 4388; x_wconf 53' lang='grc'>1715.</span> <span class='ocrx_word' id='word_1_290' title='bbox 550 4331 591 4389; x_wconf 70' lang='grc'>33.</span> 
     </span>
     <span class='ocr_line' id='line_1_44' title="bbox 197 4399 451 4469; baseline 0.008 -16"><span class='ocrx_word' id='word_1_291' title='bbox 197 4405 222 4469; x_wconf 75' lang='lat' dir='ltr'>q</span> <span class='ocrx_word' id='word_1_292' title='bbox 241 4402 293 4458; x_wconf 78' lang='lat' dir='ltr'>cur.</span> <span class='ocrx_word' id='word_1_293' title='bbox 313 4402 390 4458; x_wconf 79' lang='lat' dir='ltr'>arra.</span> <span class='ocrx_word' id='word_1_294' title='bbox 409 4399 451 4455; x_wconf 82' lang='lat' dir='ltr'>ar.</span> 
     </span>
    </p>
   </div>
   <div class='ocr_carea' id='block_1_8' title="bbox 0 0 1584 4864">
    <p class='ocr_par' dir='ltr' id='par_1_11' title="bbox 0 0 1584 4864">
     <span class='ocr_line' id='line_1_45' title="bbox 0 0 1584 4864; baseline 0 4"><span class='ocrx_word' id='word_1_295' title='bbox 0 0 1584 4864; x_wconf 95' lang='lat' dir='ltr'> </span> 
     </span>
    </p>
   </div>
  </div>
 </body>
</html>
