3142 4862
218 240 273 314 30

183 429 187 434 ·
218 409 395 484 dubitandi
416 377 667 499 subministrat,
696 431 799 504 quum
828 409 973 483 Graecis
996 431 1062 505 pro
1084 407 1193 500 Savo,
1221 410 1423 508 Dravoque

216 509 605 706 lflpepiiits,a)8ahum,
665 512 963 607 Drahumque
1009 511 1196 610 scribere,
1242 512 1423 587 familiare

762 764 798 850 δ.
828 768 863 836 8.

335 889 380 962 In
407 887 526 960 tutulos
551 845 695 978 aequm
720 903 809 961 ame
834 889 1016 964 Matutam
1038 886 1145 962 tund
1159 847 1300 964 asinar.

319 1033 466 1120 Quidvis
496 1034 539 1106 de
558 1033 627 1107 hoc
647 1037 704 1124 sit,
733 1035 827 1131 quod
846 1056 904 1123 eo,
933 1059 1002 1130 quo
1022 1045 1102 1108 actu
1131 1054 1191 1107 res
1209 1034 1292 1109 loco
1322 1049 1419 1130 sunt,

217 1135 302 1207 nihil
320 1138 521 1208 mutationis
535 1134 701 1208 Coronae
720 1137 861 1210 Juribus
876 1135 1012 1226 adfert,
1032 1139 1148 1210 notari
1166 1137 1278 1209 adhuc
1292 1163 1420 1211 mere-

218 1247 293 1311 tur:
321 1237 545 1311 Sclavcniam
565 1260 674 1332 saepe
692 1249 794 1311 antea
817 1262 882 1336 per
899 1239 1065 1328 Fratres,
1094 1250 1130 1310 et
1150 1239 1260 1312 Filios
1278 1241 1420 1335 Regum

217 1339 373 1411 Ducatus
403 1339 502 1412 titulo
530 1351 675 1427 tentam,
705 1346 847 1436 saepius
872 1364 937 1438 per
973 1341 1092 1413 Banos
1128 1340 1418 1434 administratam,

218 1451 298 1512 ante
320 1440 473 1512 Mathiae
491 1439 519 1511 Ι.
538 1451 700 1537 tempora
711 1447 872 1538 nuspiam
899 1446 935 1514 in
956 1443 1101 1538 Legum,
1121 1441 1418 1542 diplomatumque

218 1542 376 1618 exordiis
404 1565 481 1635 cum
503 1541 649 1640 reliquis
668 1544 873 1638 Regnorum
902 1542 1011 1618 titulis
1035 1566 1253 1642 comparere.

672 1720 674 1724 ·
769 1692 806 1779 ἓ.
836 1695 870 1767 9.

741 1819 908 1890 Oroatia.

323 1941 511 2032 croadam,
525 1962 594 2040 quo
616 1961 709 2012 nunc
728 1942 832 2012 etiam
850 1941 966 2034 Regio
990 1939 1033 2012 ad
1055 1938 1214 2038 Colapim
1234 1950 1421 2036 protensa,

221 2055 255 2118 et
275 2043 361 2118 alias
375 2047 538 2139 superior
557 2044 748 2120 Sclavonia
767 2047 958 2133 nominata,
984 2046 1150 2138 pertinet,
1170 2053 1312 2138 praeter
1336 2041 1421 2138 pla-

217 2169 283 2240 gas
313 2147 390 2238 ejus
411 2156 607 2234 montosas,
637 2149 793 2239 marique
819 2143 965 2234 adsitas,
990 2145 1123 2238 primus
1148 2143 1351 2238 Hungariae
1382 2141 1419 2214 S.

216 2249 400 2322 Ladislaus
426 2247 563 2339 adjecit.
588 2246 623 2319 ls
644 2255 726 2342 post
745 2247 943 2317 exstinctos
973 2243 1188 2320 domesticos
1211 2245 1422 2318 croatorum

219 2351 354 2442 Reges,
376 2371 524 2443 quorum
541 2351 699 2422 ultimum
717 2346 775 2417 alii
783 2347 1021 2418 Zvonimirum
1050 2345 1099 2438 ¹³),
1113 2347 1328 2444 Stephanum
1347 2347 1422 2435 alii,

222 2450 424 2523 Crescimiri
443 2449 554 2541 Regis
572 2449 746 2544 Nepotem
765 2447 877 2521 fuisse
897 2455 1065 2535 statuunt,
1094 2449 1138 2522 cb
1158 2469 1319 2542 magnam
1347 2470 1423 2520 uo-

223 2555 338 2642 minis,
363 2553 575 2644 virtutisque
605 2552 914 2639 existimationem,-
943 2571 1008 2643 per
1027 2556 1188 2640 saniores
1207 2550 1423 2623 Provinciae

222 2657 410 2743 Proceres,
428 2650 650 2724 ferventibus
669 2651 822 2746 undique
842 2650 1046 2724 domesticis
1063 2652 1188 2742 turbis,
1217 2652 1261 2724 ad
1278 2651 1343 2723 has
1356 2671 1424 2732 se<-

223 2755 354 2828 dandas
381 2762 566 2842 evocatus,
586 2753 704 2825 valido
726 2775 804 2826 cum
824 2756 984 2824 exercitu
1004 2772 1048 2822 eo
1068 2755 1282 2848 penetravit,
1308 2754 1425 2824 resti-

214 2847 367 2951 'tutaque
386 2858 559 2950 tantisper
571 2858 705 2948 quiete,
720 2853 801 2924 Rex
812 2851 976 2925 Oroatiae
1001 2851 1184 2943 salutatus,
1203 2853 1293 2924 hanc
1315 2853 1423 2924 Almo

223 2957 367 3054 Nepoti,
396 2961 450 3032 sui
467 2956 549 3028 loco
577 2953 849 3048 gubernandam,
870 2955 1069 3028 commisit.
1107 2955 1160 3028 lta
1188 2955 1315 3028 scilicit
1344 2957 1426 3048 pri-

128 3103 129 3108 =
223 3081 383 3136 maevam
402 3057 550 3149 hujusce
569 3057 788 3129 accessionis
809 3056 993 3148 originem,
1017 3064 1120 3150 atque
1150 3077 1291 3128 causam
1321 3053 1426 3126 Tho-

199 3184 298 3236 mas
317 3159 631 3235 Archi-Diaconus
661 3154 879 3253 Spalatensis
911 3156 939 3249 ο)
967 3194 1019 3206 -
1052 3157 1222 3252 Magister
1249 3157 1294 3229 de
1322 3155 1426 3228 Thu-

222 3287 307 3336 rocu
338 3261 435 3354 ἆ)-
462 3261 623 3333 Farlatus
654 3260 684 3351 ⁶)
704 3298 755 3308 -
782 3257 908 3328 Lucius
947 3253 974 3348 f)
992 3295 1044 3307 --
1061 3281 1139 3330 cum
1172 3258 1330 3355 pluribus
1371 3262 1427 3330 sic

226 3368 313 3439 satis
333 3361 531 3433 concordes
574 3368 773 3432 recensent.
819 3356 953 3429 Indicat
978 3371 1180 3453 postremus
1213 3359 1355 3433 illorum
1372 3396 1427 3409 -·

225 3461 398 3560 producto
444 3483 464 3530 e
491 3459 670 3553 Regestro
701 3455 903 3532 Nonialium
940 3456 1167 3536 Jadrensium'
1194 3471 1425 3535 monumento

225 3567 367 3639 omnino
386 3572 594 3658 pervetusto
620 3559 658 3658 a)
677 3601 728 3636 ·-—
756 3583 883 3636 annum
900 3563 1058 3656 insuper,
1075 3585 1155 3660 ,quo
1186 3567 1253 3638 ista
1282 3583 1427 3640 evene·

224 3677 315 3742 rant.
351 3735 353 3740 ,
388 3700 390 3706 ·
1507 3679 1510 3684 “

269 3787 308 3872 i)
334 3785 424 3859 Quod
440 3785 473 3846 in
490 3784 564 3847 haec
576 3784 671 3846 verba
687 3785 813 3864 incipiit
837 3787 950 3863 „Auno
964 3785 1193 3850 incarnationis
1210 3786 1289 3850 Josu
1303 3785 1428 3850 christi

312 3869 462 3952 „Domini
483 3869 592 3933 Nostri
618 3869 710 3935 1091.
730 3869 814 3952 Kyri
835 3869 944 3933 Alexio
977 3869 1294 3954 constantinopoleos
1316 3874 1428 3954 Impe-¹

256 4022 283 4088 1Ι)
301 4027 402 4077 Strabo
422 4025 523 4088 Gecgr.
541 4025 571 4076 1..
590 4027 616 4078 7.
635 4025 699 4076 item
717 4028 818 4079 lustin.
837 4039 872 4077 ex
890 4027 974 4089 mog.
993 4014 1121 4092 Pompelo
1140 4029 1233 4094 1,.32.

226 4151 228 4153 ,
255 4093 284 4160 1>)
304 4097 379 4148 conl.
398 4095 510 4144 Luctum
529 4095 647 4156 deneg.
666 4095 757 4146 Croat.
776 4104 804 4148 et
822 4096 910 4146 Dalm.
929 4097 1021 4148 1..rn.
1041 4097 1071 4149 C.
1090 4100 1109 4146 l.
1204 4091 1207 4096 ’

256 4168 280 4220 ⁰)
299 4168 371 4218 Hist.
390 4164 505 4214 Salcrdt.
524 4163 554 4214 0.
573 4165 616 4214 17.
634 4177 676 4227 ap.
693 4167 900 4226 schwandtnar,
919 4163 1000 4230 scrip.
1019 4180 1073 4220 ter·
1092 4167 1173 4232 hung.
1191 4169 1223 4218 Τ.
1243 4165 1271 4218 3.

256 4232 284 4298 ¹¹)
303 4237 403 4286 chron.
422 4235 452 4285 P.
470 4235 503 4283 ΙΙ.
522 4235 552 4287 G.
571 4231 613 4283 56.
630 4247 670 4296 ap.
689 4235 733 4287 cin
751 4233 908 4288 schwandt.
925 4233 955 4288 Τ.
976 4237 1000 4288 l.

221 4329 223 4332 ·
256 4304 283 4364 θ)
300 4305 375 4370 illyr.
393 4303 474 4358 sacr.
492 4301 523 4352 Τ.
541 4305 565 4352 1.
584 4317 610 4368 p.
629 4299 689 4356 sis.

257 4370 288 4440 ¹)
307 4374 356 4440 Op.
376 4373 421 4428 ctt.
437 4371 467 4425 la.
483 4369 533 4423 tv,
551 4369 581 4422 0.
599 4371 623 4422 1.
