<?xml version="1.0" encoding="UTF-8"?>
<!DOCTYPE html PUBLIC "-//W3C//DTD XHTML 1.0 Transitional//EN"
    "http://www.w3.org/TR/xhtml1/DTD/xhtml1-transitional.dtd">
<html xmlns="http://www.w3.org/1999/xhtml" xml:lang="en" lang="en">
 <head>
  <title>
</title>
<meta http-equiv="Content-Type" content="text/html;charset=utf-8" />
  <meta name='ocr-system' content='tesseract 3.04.00' />
  <meta name='ocr-capabilities' content='ocr_page ocr_carea ocr_par ocr_line ocrx_word'/>
</head>
<body>
  <div class='ocr_page' id='page_1' title='image "./conspectusjuris00czirgoog_0159.png"; bbox 0 0 3144 4860; ppageno 0'>
   <div class='ocr_carea' id='block_1_1' title="bbox 587 392 972 608">
    <p class='ocr_par' dir='ltr' id='par_1_1' title="bbox 587 392 972 608">
     <span class='ocr_line' id='line_1_1' title="bbox 703 392 858 481; baseline 0.013 -14"><span class='ocrx_word' id='word_1_1' title='bbox 703 392 741 481; x_wconf 86' lang='lat'><strong>§.</strong></span> <span class='ocrx_word' id='word_1_2' title='bbox 773 395 858 469; x_wconf 84' lang='lat'><strong>131.</strong></span> 
     </span>
     <span class='ocr_line' id='line_1_2' title="bbox 587 517 972 608; baseline 0.003 -19"><span class='ocrx_word' id='word_1_3' title='bbox 587 519 647 589; x_wconf 85' lang='lat' dir='ltr'><strong>Be</strong></span> <span class='ocrx_word' id='word_1_4' title='bbox 672 517 778 608; x_wconf 74' lang='lat' dir='ltr'><strong>Repe</strong></span> <span class='ocrx_word' id='word_1_5' title='bbox 803 521 972 592; x_wconf 75' lang='lat' dir='ltr'><strong>leniore.</strong></span> 
     </span>
    </p>
   </div>
   <div class='ocr_carea' id='block_1_2' title="bbox 112 664 1493 3192">
    <p class='ocr_par' dir='ltr' id='par_1_2' title="bbox 154 664 1493 1066">
     <span class='ocr_line' id='line_1_3' title="bbox 288 664 1379 761; baseline 0.003 -25"><span class='ocrx_word' id='word_1_6' title='bbox 288 664 541 761; x_wconf 82' lang='lat' dir='ltr'><strong>intempestiva</strong></span> <span class='ocrx_word' id='word_1_7' title='bbox 577 686 640 737; x_wconf 88' lang='lat' dir='ltr'><strong>sua</strong></span> <span class='ocrx_word' id='word_1_8' title='bbox 674 664 892 758; x_wconf 71' lang='lat' dir='ltr'>indulgentia</span> <span class='ocrx_word' id='word_1_9' title='bbox 935 666 1077 760; x_wconf 93' lang='lat' dir='ltr'><strong>longius</strong></span> <span class='ocrx_word' id='word_1_10' title='bbox 1130 666 1293 742; x_wconf 78' lang='lat' dir='ltr'><strong>Andreas</strong></span> <span class='ocrx_word' id='word_1_11' title='bbox 1335 665 1379 740; x_wconf 89' lang='lat'><strong>11.</strong></span> 
     </span>
     <span class='ocr_line' id='line_1_4' title="bbox 188 766 1486 864; baseline 0.001 -26"><span class='ocrx_word' id='word_1_12' title='bbox 188 776 293 860; x_wconf 88' lang='lat' dir='ltr'><strong>atque</strong></span> <span class='ocrx_word' id='word_1_13' title='bbox 312 766 398 838; x_wconf 83' lang='lat' dir='ltr'><strong>Belo</strong></span> <span class='ocrx_word' id='word_1_14' title='bbox 416 766 475 838; x_wconf 92' lang='lat' dir='ltr'><strong>IV.</strong></span> <span class='ocrx_word' id='word_1_15' title='bbox 502 788 741 862; x_wconf 86' lang='lat' dir='ltr'><strong>processere;</strong></span> <span class='ocrx_word' id='word_1_16' title='bbox 768 790 848 839; x_wconf 94' lang='lat' dir='ltr'><strong>nam</strong></span> <span class='ocrx_word' id='word_1_17' title='bbox 873 776 1022 862; x_wconf 91' lang='lat' dir='ltr'><strong>uterque</strong></span> <span class='ocrx_word' id='word_1_18' title='bbox 1050 766 1155 858; x_wconf 85' lang='lat' dir='ltr'><strong>liliis,</strong></span> <span class='ocrx_word' id='word_1_19' title='bbox 1187 789 1276 864; x_wconf 91' lang='lat' dir='ltr'><strong>quos</strong></span> <span class='ocrx_word' id='word_1_20' title='bbox 1312 771 1380 864; x_wconf 92' lang='lat' dir='ltr'><strong>ipsi</strong></span> <span class='ocrx_word' id='word_1_21' title='bbox 1480 849 1486 860; x_wconf 45' lang='lat'><em>‚</em></span> 
     </span>
     <span class='ocr_line' id='line_1_5' title="bbox 186 867 1493 966; baseline 0.004 -28"><span class='ocrx_word' id='word_1_22' title='bbox 186 867 299 938; x_wconf 89' lang='lat' dir='ltr'><strong>adhuc</strong></span> <span class='ocrx_word' id='word_1_23' title='bbox 316 891 434 939; x_wconf 89' lang='lat' dir='ltr'><strong>rerum</strong></span> <span class='ocrx_word' id='word_1_24' title='bbox 451 871 566 964; x_wconf 83' lang='lat' dir='ltr'><strong>potiti,</strong></span> <span class='ocrx_word' id='word_1_25' title='bbox 600 890 733 940; x_wconf 91' lang='lat' dir='ltr'><strong>corona</strong></span> <span class='ocrx_word' id='word_1_26' title='bbox 752 868 947 961; x_wconf 87' lang='lat' dir='ltr'><strong>cingendos</strong></span> <span class='ocrx_word' id='word_1_27' title='bbox 967 881 1192 960; x_wconf 74' lang='lat' dir='ltr'>curaverant,</span> <span class='ocrx_word' id='word_1_28' title='bbox 1212 893 1304 966; x_wconf 89' lang='lat' dir='ltr'><strong>peno</strong></span> <span class='ocrx_word' id='word_1_29' title='bbox 1324 871 1382 942; x_wconf 93' lang='lat' dir='ltr'><strong>di·</strong></span> <span class='ocrx_word' id='word_1_30' title='bbox 1490 868 1493 873; x_wconf 74' lang='grc'><strong>’</strong></span> 
     </span>
     <span class='ocr_line' id='line_1_6' title="bbox 154 969 1380 1066; baseline 0.002 -26"><span class='ocrx_word' id='word_1_31' title='bbox 154 991 158 998; x_wconf 93' lang='grc'><strong><em>·</em></strong></span> <span class='ocrx_word' id='word_1_32' title='bbox 184 970 326 1042; x_wconf 93' lang='lat' dir='ltr'><strong>midium</strong></span> <span class='ocrx_word' id='word_1_33' title='bbox 342 969 458 1063; x_wconf 87' lang='lat' dir='ltr'><strong>Regni</strong></span> <span class='ocrx_word' id='word_1_34' title='bbox 473 972 567 1060; x_wconf 78' lang='lat' dir='ltr'><strong>jure,</strong></span> <span class='ocrx_word' id='word_1_35' title='bbox 588 993 629 1040; x_wconf 92' lang='lat' dir='ltr'><strong>ac</strong></span> <span class='ocrx_word' id='word_1_36' title='bbox 647 972 787 1041; x_wconf 90' lang='lat' dir='ltr'><strong>nomine</strong></span> <span class='ocrx_word' id='word_1_37' title='bbox 806 973 951 1066; x_wconf 90' lang='lat' dir='ltr'><strong>proprio</strong></span> <span class='ocrx_word' id='word_1_38' title='bbox 970 969 1232 1063; x_wconf 89' lang='lat' dir='ltr'><strong>gubernandum</strong></span> <span class='ocrx_word' id='word_1_39' title='bbox 1251 972 1380 1043; x_wconf 87' lang='lat' dir='ltr'><strong>cedere</strong></span> 
     </span>
    </p>

    <p class='ocr_par' dir='ltr' id='par_1_3' title="bbox 112 1071 1446 3192">
     <span class='ocr_line' id='line_1_7' title="bbox 171 1071 1380 1168; baseline 0.003 -26"><span class='ocrx_word' id='word_1_40' title='bbox 171 1073 301 1168; x_wconf 24' lang='lat' dir='ltr'><strong>‘coacti</strong></span> <span class='ocrx_word' id='word_1_41' title='bbox 329 1080 430 1159; x_wconf 78' lang='lat' dir='ltr'><strong>sunt3</strong></span> <span class='ocrx_word' id='word_1_42' title='bbox 459 1083 564 1166; x_wconf 91' lang='lat' dir='ltr'><strong>atque</strong></span> <span class='ocrx_word' id='word_1_43' title='bbox 592 1071 674 1144; x_wconf 88' lang='lat' dir='ltr'><strong>inde</strong></span> <span class='ocrx_word' id='word_1_44' title='bbox 702 1074 850 1167; x_wconf 92' lang='lat' dir='ltr'><strong>primum</strong></span> <span class='ocrx_word' id='word_1_45' title='bbox 880 1071 971 1167; x_wconf 91' lang='lat' dir='ltr'><strong>apud</strong></span> <span class='ocrx_word' id='word_1_46' title='bbox 999 1093 1066 1144; x_wconf 92' lang='lat' dir='ltr'><strong>nos</strong></span> <span class='ocrx_word' id='word_1_47' title='bbox 1095 1074 1214 1144; x_wconf 94' lang='lat' dir='ltr'><strong>titulus</strong></span> <span class='ocrx_word' id='word_1_48' title='bbox 1233 1074 1380 1168; x_wconf 89' lang='lat' dir='ltr'><strong>Regis</strong></span> 
     </span>
     <span class='ocr_line' id='line_1_8' title="bbox 145 1171 1381 1269; baseline 0.003 -27"><span class='ocrx_word' id='word_1_49' title='bbox 145 1263 147 1268; x_wconf 23' lang='grc' dir='ltr'>Ι</span> <span class='ocrx_word' id='word_1_50' title='bbox 181 1173 392 1264; x_wconf 85' lang='lat' dir='ltr'><strong>junioris</strong></span> <span class='ocrx_word' id='word_1_51' title='bbox 427 1175 588 1244; x_wconf 91' lang='lat' dir='ltr'><strong>innotuit.</strong></span> <span class='ocrx_word' id='word_1_52' title='bbox 627 1174 791 1267; x_wconf 78' lang='lat' dir='ltr'><strong>Propitiis</strong></span> <span class='ocrx_word' id='word_1_53' title='bbox 820 1171 967 1268; x_wconf 80' lang='lat' dir='ltr'><strong>Superis</strong></span> <span class='ocrx_word' id='word_1_54' title='bbox 996 1173 1126 1269; x_wconf 93' lang='lat' dir='ltr'><strong>oppido</strong></span> <span class='ocrx_word' id='word_1_55' title='bbox 1154 1175 1305 1265; x_wconf 75' lang='lat' dir='ltr'><strong>accidit‚</strong></span> <span class='ocrx_word' id='word_1_56' title='bbox 1343 1184 1381 1246; x_wconf 88' lang='lat' dir='ltr'><strong>ut</strong></span> 
     </span>
     <span class='ocr_line' id='line_1_9' title="bbox 184 1273 1381 1369; baseline 0.001 -23"><span class='ocrx_word' id='word_1_57' title='bbox 184 1276 359 1346; x_wconf 89' lang='lat' dir='ltr'><strong>neminem</strong></span> <span class='ocrx_word' id='word_1_58' title='bbox 383 1296 403 1344; x_wconf 91' lang='lat' dir='ltr'><strong>e</strong></span> <span class='ocrx_word' id='word_1_59' title='bbox 423 1273 698 1346; x_wconf 70' lang='lat' dir='ltr'><strong>successoribus</strong></span> <span class='ocrx_word' id='word_1_60' title='bbox 729 1277 940 1345; x_wconf 78' lang='lat' dir='ltr'><strong>imitatorem</strong></span> <span class='ocrx_word' id='word_1_61' title='bbox 965 1278 1186 1368; x_wconf 76' lang='lat' dir='ltr'><strong>repererint,</strong></span> <span class='ocrx_word' id='word_1_62' title='bbox 1215 1298 1294 1347; x_wconf 91' lang='lat' dir='ltr'><strong>nam</strong></span> <span class='ocrx_word' id='word_1_63' title='bbox 1323 1279 1381 1369; x_wconf 87' lang='lat' dir='ltr'><strong>qui</strong></span> 
     </span>
     <span class='ocr_line' id='line_1_10' title="bbox 185 1373 1380 1469; baseline -0.001 -22"><span class='ocrx_word' id='word_1_64' title='bbox 185 1380 314 1464; x_wconf 75' lang='lat' dir='ltr'><strong>serius,</strong></span> <span class='ocrx_word' id='word_1_65' title='bbox 341 1375 495 1447; x_wconf 92' lang='lat' dir='ltr'><strong>nondum</strong></span> <span class='ocrx_word' id='word_1_66' title='bbox 521 1373 674 1447; x_wconf 89' lang='lat' dir='ltr'><strong>stabilito</strong></span> <span class='ocrx_word' id='word_1_67' title='bbox 703 1375 951 1448; x_wconf 76' lang='lat' dir='ltr'><strong>successionis</strong></span> <span class='ocrx_word' id='word_1_68' title='bbox 979 1375 1117 1465; x_wconf 82' lang='lat' dir='ltr'><strong>ordine,</strong></span> <span class='ocrx_word' id='word_1_69' title='bbox 1152 1380 1380 1469; x_wconf 85' lang='lat' dir='ltr'><strong>primogeniti</strong></span> 
     </span>
     <span class='ocr_line' id='line_1_11' title="bbox 184 1475 1380 1570; baseline 0 -22"><span class='ocrx_word' id='word_1_70' title='bbox 184 1477 322 1570; x_wconf 83' lang='lat' dir='ltr'><strong>Regum</strong></span> <span class='ocrx_word' id='word_1_71' title='bbox 340 1487 556 1565; x_wconf 78' lang='lat' dir='ltr'><strong>nostrorum,</strong></span> <span class='ocrx_word' id='word_1_72' title='bbox 574 1477 682 1564; x_wconf 86' lang='lat' dir='ltr'><strong>vivis,</strong></span> <span class='ocrx_word' id='word_1_73' title='bbox 712 1486 748 1546; x_wconf 90' lang='lat' dir='ltr'><strong>et</strong></span> <span class='ocrx_word' id='word_1_74' title='bbox 765 1478 813 1546; x_wconf 94' lang='lat' dir='ltr'><strong>ita</strong></span> <span class='ocrx_word' id='word_1_75' title='bbox 830 1475 1033 1547; x_wconf 86' lang='lat' dir='ltr'><strong>volentibus</strong></span> <span class='ocrx_word' id='word_1_76' title='bbox 1053 1476 1286 1568; x_wconf 80' lang='lat' dir='ltr'><strong>genitoribus,</strong></span> <span class='ocrx_word' id='word_1_77' title='bbox 1307 1478 1380 1550; x_wconf 87' lang='lat' dir='ltr'><strong>Or-</strong></span> 
     </span>
     <span class='ocr_line' id='line_1_12' title="bbox 187 1576 1380 1672; baseline 0.001 -24"><span class='ocrx_word' id='word_1_78' title='bbox 187 1578 372 1672; x_wconf 89' lang='lat' dir='ltr'><strong>diuumque</strong></span> <span class='ocrx_word' id='word_1_79' title='bbox 391 1579 507 1671; x_wconf 88' lang='lat' dir='ltr'><strong>Regni</strong></span> <span class='ocrx_word' id='word_1_80' title='bbox 527 1598 717 1666; x_wconf 75' lang='lat' dir='ltr'><strong>consensu,</strong></span> <span class='ocrx_word' id='word_1_81' title='bbox 737 1576 880 1648; x_wconf 86' lang='lat' dir='ltr'><strong>fuerunt</strong></span> <span class='ocrx_word' id='word_1_82' title='bbox 896 1576 1071 1664; x_wconf 75' lang='lat' dir='ltr'><strong>redimiti,</strong></span> <span class='ocrx_word' id='word_1_83' title='bbox 1098 1577 1227 1664; x_wconf 84' lang='lat' dir='ltr'><strong>nullam</strong></span> <span class='ocrx_word' id='word_1_84' title='bbox 1245 1586 1380 1672; x_wconf 85' lang='lat' dir='ltr'><strong>partem</strong></span> 
     </span>
     <span class='ocr_line' id='line_1_13' title="bbox 185 1676 1381 1774; baseline 0.001 -24"><span class='ocrx_word' id='word_1_85' title='bbox 185 1683 221 1750; x_wconf 95' lang='lat' dir='ltr'><strong>in</strong></span> <span class='ocrx_word' id='word_1_86' title='bbox 240 1681 435 1772; x_wconf 89' lang='lat' dir='ltr'><strong>Regiminis</strong></span> <span class='ocrx_word' id='word_1_87' title='bbox 454 1679 600 1753; x_wconf 87' lang='lat' dir='ltr'><strong>habenis</strong></span> <span class='ocrx_word' id='word_1_88' title='bbox 621 1678 768 1774; x_wconf 89' lang='lat' dir='ltr'><strong>amplius</strong></span> <span class='ocrx_word' id='word_1_89' title='bbox 788 1676 987 1772; x_wconf 85' lang='lat' dir='ltr'><strong>capiebant,</strong></span> <span class='ocrx_word' id='word_1_90' title='bbox 1015 1679 1084 1747; x_wconf 94' lang='lat' dir='ltr'><strong>imo</strong></span> <span class='ocrx_word' id='word_1_91' title='bbox 1103 1677 1241 1770; x_wconf 88' lang='lat' dir='ltr'><strong>legibus</strong></span> <span class='ocrx_word' id='word_1_92' title='bbox 1261 1678 1381 1751; x_wconf 88' lang='lat' dir='ltr'><strong>discr-</strong></span> 
     </span>
     <span class='ocr_line' id='line_1_14' title="bbox 185 1777 1446 1876; baseline 0.002 -25"><span class='ocrx_word' id='word_1_93' title='bbox 185 1784 230 1853; x_wconf 89' lang='lat' dir='ltr'><strong>tis</strong></span> <span class='ocrx_word' id='word_1_94' title='bbox 259 1792 396 1853; x_wconf 91' lang='lat' dir='ltr'><strong>cautum</strong></span> <span class='ocrx_word' id='word_1_95' title='bbox 421 1784 564 1876; x_wconf 92' lang='lat' dir='ltr'><strong>reperio</strong></span> <span class='ocrx_word' id='word_1_96' title='bbox 596 1782 627 1871; x_wconf 74' lang='lat'><strong>⁸)</strong></span> <span class='ocrx_word' id='word_1_97' title='bbox 656 1803 701 1851; x_wconf 93' lang='lat' dir='ltr'><strong>ne</strong></span> <span class='ocrx_word' id='word_1_98' title='bbox 737 1779 773 1850; x_wconf 95' lang='lat' dir='ltr'><strong>id</strong></span> <span class='ocrx_word' id='word_1_99' title='bbox 800 1777 916 1873; x_wconf 87' lang='lat' dir='ltr'><strong>quoad</strong></span> <span class='ocrx_word' id='word_1_100' title='bbox 939 1779 1019 1850; x_wconf 86' lang='lat' dir='ltr'><strong>Rex</strong></span> <span class='ocrx_word' id='word_1_101' title='bbox 1044 1781 1166 1850; x_wconf 89' lang='lat' dir='ltr'><strong>senior</strong></span> <span class='ocrx_word' id='word_1_102' title='bbox 1191 1785 1379 1869; x_wconf 79' lang='lat' dir='ltr'><strong>exstiterit,</strong></span> <span class='ocrx_word' id='word_1_103' title='bbox 1444 1785 1446 1789; x_wconf 82' lang='grc'><strong>’</strong></span> 
     </span>
     <span class='ocr_line' id='line_1_15' title="bbox 186 1878 1379 1977; baseline -0.002 -23"><span class='ocrx_word' id='word_1_104' title='bbox 186 1893 370 1977; x_wconf 88' lang='lat' dir='ltr'><strong>superstes</strong></span> <span class='ocrx_word' id='word_1_105' title='bbox 397 1885 474 1953; x_wconf 88' lang='lat' dir='ltr'><strong>sine</strong></span> <span class='ocrx_word' id='word_1_106' title='bbox 494 1884 571 1970; x_wconf 86' lang='lat' dir='ltr'><strong>ejus</strong></span> <span class='ocrx_word' id='word_1_107' title='bbox 591 1902 765 1974; x_wconf 89' lang='lat' dir='ltr'><strong>expressa</strong></span> <span class='ocrx_word' id='word_1_108' title='bbox 781 1880 977 1968; x_wconf 81' lang='lat' dir='ltr'><strong>voluntate,</strong></span> <span class='ocrx_word' id='word_1_109' title='bbox 1007 1878 1244 1975; x_wconf 86' lang='lat' dir='ltr'><strong>Ordinumque</strong></span> <span class='ocrx_word' id='word_1_110' title='bbox 1262 1882 1379 1976; x_wconf 90' lang='lat' dir='ltr'><strong>Regni</strong></span> 
     </span>
     <span class='ocr_line' id='line_1_16' title="bbox 187 1980 1426 2070; baseline 0.002 -16"><span class='ocrx_word' id='word_1_111' title='bbox 187 2003 338 2054; x_wconf 88' lang='lat' dir='ltr'><strong>assensu</strong></span> <span class='ocrx_word' id='word_1_112' title='bbox 367 1983 483 2052; x_wconf 90' lang='lat' dir='ltr'><strong>locum</strong></span> <span class='ocrx_word' id='word_1_113' title='bbox 511 1980 642 2049; x_wconf 89' lang='lat' dir='ltr'><strong>hahere</strong></span> <span class='ocrx_word' id='word_1_114' title='bbox 669 1981 799 2051; x_wconf 88' lang='lat' dir='ltr'><strong>valeat.</strong></span> <span class='ocrx_word' id='word_1_115' title='bbox 819 1980 1102 2070; x_wconf 86' lang='lat' dir='ltr'><strong>inaugurationis</strong></span> <span class='ocrx_word' id='word_1_116' title='bbox 1118 1982 1240 2054; x_wconf 92' lang='lat' dir='ltr'><strong>similis</strong></span> <span class='ocrx_word' id='word_1_117' title='bbox 1253 2006 1380 2056; x_wconf 89' lang='lat' dir='ltr'><strong>exam·</strong></span> <span class='ocrx_word' id='word_1_118' title='bbox 1423 2021 1426 2028; x_wconf 95' lang='lat'>·</span> 
     </span>
     <span class='ocr_line' id='line_1_17' title="bbox 186 2076 1381 2179; baseline 0.003 -27"><span class='ocrx_word' id='word_1_119' title='bbox 186 2084 282 2177; x_wconf 89' lang='lat' dir='ltr'><strong>plum</strong></span> <span class='ocrx_word' id='word_1_120' title='bbox 299 2089 382 2175; x_wconf 91' lang='lat' dir='ltr'><strong>post</strong></span> <span class='ocrx_word' id='word_1_121' title='bbox 400 2080 663 2152; x_wconf 86' lang='lat' dir='ltr'><strong>determinatam</strong></span> <span class='ocrx_word' id='word_1_122' title='bbox 682 2076 895 2150; x_wconf 89' lang='lat' dir='ltr'><strong>succedendi</strong></span> <span class='ocrx_word' id='word_1_123' title='bbox 913 2078 1084 2168; x_wconf 89' lang='lat' dir='ltr'><strong>Regulam</strong></span> <span class='ocrx_word' id='word_1_124' title='bbox 1103 2079 1272 2154; x_wconf 89' lang='lat' dir='ltr'><strong>hactenus</strong></span> <span class='ocrx_word' id='word_1_125' title='bbox 1300 2089 1381 2179; x_wconf 89' lang='lat' dir='ltr'><strong>pri-</strong></span> 
     </span>
     <span class='ocr_line' id='line_1_18' title="bbox 185 2178 1380 2274; baseline 0.003 -22"><span class='ocrx_word' id='word_1_126' title='bbox 185 2204 279 2252; x_wconf 92' lang='lat' dir='ltr'><strong>mum</strong></span> <span class='ocrx_word' id='word_1_127' title='bbox 297 2190 420 2254; x_wconf 91' lang='lat' dir='ltr'><strong>nostra</strong></span> <span class='ocrx_word' id='word_1_128' title='bbox 449 2181 534 2253; x_wconf 91' lang='lat' dir='ltr'><strong>laeti</strong></span> <span class='ocrx_word' id='word_1_129' title='bbox 553 2190 669 2252; x_wconf 88' lang='lat' dir='ltr'><strong>aetate</strong></span> <span class='ocrx_word' id='word_1_130' title='bbox 699 2179 961 2274; x_wconf 84' lang='lat' dir='ltr'><strong>conspeximus.</strong></span> <span class='ocrx_word' id='word_1_131' title='bbox 989 2178 1061 2248; x_wconf 90' lang='lat' dir='ltr'><strong>Vix</strong></span> <span class='ocrx_word' id='word_1_132' title='bbox 1086 2181 1193 2270; x_wconf 92' lang='lat' dir='ltr'><strong>igitur</strong></span> <span class='ocrx_word' id='word_1_133' title='bbox 1221 2191 1289 2270; x_wconf 84' lang='lat' dir='ltr'><strong>est,</strong></span> <span class='ocrx_word' id='word_1_134' title='bbox 1319 2207 1380 2256; x_wconf 89' lang='lat' dir='ltr'><strong>cur</strong></span> 
     </span>
     <span class='ocr_line' id='line_1_19' title="bbox 184 2278 1378 2376; baseline -0.001 -20"><span class='ocrx_word' id='word_1_135' title='bbox 184 2305 360 2372; x_wconf 81' lang='lat' dir='ltr'><strong>moneam,</strong></span> <span class='ocrx_word' id='word_1_136' title='bbox 388 2283 625 2354; x_wconf 91' lang='lat' dir='ltr'><strong>conditionem</strong></span> <span class='ocrx_word' id='word_1_137' title='bbox 641 2282 779 2376; x_wconf 91' lang='lat' dir='ltr'><strong>Regum</strong></span> <span class='ocrx_word' id='word_1_138' title='bbox 802 2281 981 2369; x_wconf 87' lang='lat' dir='ltr'><strong>juniorum</strong></span> <span class='ocrx_word' id='word_1_139' title='bbox 1005 2301 1025 2350; x_wconf 94' lang='lat' dir='ltr'><strong>a</strong></span> <span class='ocrx_word' id='word_1_140' title='bbox 1052 2278 1233 2353; x_wconf 85' lang='lat' dir='ltr'><strong>Ludovico</strong></span> <span class='ocrx_word' id='word_1_141' title='bbox 1261 2278 1305 2353; x_wconf 89' lang='grc' dir='ltr'><strong>ΙΙ.</strong></span> <span class='ocrx_word' id='word_1_142' title='bbox 1342 2287 1378 2356; x_wconf 86' lang='grc' dir='ltr'><strong>ἰιι</strong></span> 
     </span>
     <span class='ocr_line' id='line_1_20' title="bbox 186 2378 1379 2481; baseline 0.002 -25"><span class='ocrx_word' id='word_1_143' title='bbox 186 2386 277 2458; x_wconf 87' lang='lat' dir='ltr'><strong>haec</strong></span> <span class='ocrx_word' id='word_1_144' title='bbox 303 2395 463 2481; x_wconf 86' lang='lat' dir='ltr'><strong>tempora</strong></span> <span class='ocrx_word' id='word_1_145' title='bbox 493 2384 643 2478; x_wconf 89' lang='lat' dir='ltr'><strong>provido</strong></span> <span class='ocrx_word' id='word_1_146' title='bbox 672 2404 757 2455; x_wconf 89' lang='lat' dir='ltr'><strong>sane</strong></span> <span class='ocrx_word' id='word_1_147' title='bbox 787 2382 936 2453; x_wconf 90' lang='lat' dir='ltr'><strong>consilio</strong></span> <span class='ocrx_word' id='word_1_148' title='bbox 963 2404 982 2453; x_wconf 94' lang='lat' dir='ltr'><strong>a</strong></span> <span class='ocrx_word' id='word_1_149' title='bbox 1012 2378 1146 2455; x_wconf 89' lang='lat' dir='ltr'><strong>duobus</strong></span> <span class='ocrx_word' id='word_1_150' title='bbox 1175 2381 1258 2473; x_wconf 76' lang='lat' dir='ltr'><strong>illis,</strong></span> <span class='ocrx_word' id='word_1_151' title='bbox 1289 2406 1379 2478; x_wconf 88' lang='lat' dir='ltr'><strong>quos</strong></span> 
     </span>
     <span class='ocr_line' id='line_1_21' title="bbox 187 2481 1383 2584; baseline -0.003 -24"><span class='ocrx_word' id='word_1_152' title='bbox 187 2490 307 2584; x_wconf 91' lang='lat' dir='ltr'><strong>prisca</strong></span> <span class='ocrx_word' id='word_1_153' title='bbox 332 2486 472 2557; x_wconf 87' lang='lat' dir='ltr'><strong>viderat</strong></span> <span class='ocrx_word' id='word_1_154' title='bbox 491 2495 603 2575; x_wconf 81' lang='lat' dir='ltr'><strong>aetas,</strong></span> <span class='ocrx_word' id='word_1_155' title='bbox 621 2484 730 2578; x_wconf 89' lang='lat' dir='ltr'><strong>longe</strong></span> <span class='ocrx_word' id='word_1_156' title='bbox 750 2494 854 2578; x_wconf 90' lang='lat' dir='ltr'><strong>atque</strong></span> <span class='ocrx_word' id='word_1_157' title='bbox 875 2481 1119 2554; x_wconf 88' lang='lat' dir='ltr'><strong>essentialiter</strong></span> <span class='ocrx_word' id='word_1_158' title='bbox 1146 2504 1229 2557; x_wconf 90' lang='lat' dir='ltr'><strong>esse</strong></span> <span class='ocrx_word' id='word_1_159' title='bbox 1258 2485 1383 2560; x_wconf 87' lang='lat' dir='ltr'><strong>diver-</strong></span> 
     </span>
     <span class='ocr_line' id='line_1_22' title="bbox 188 2584 1382 2679; baseline -0.003 -17"><span class='ocrx_word' id='word_1_160' title='bbox 188 2611 275 2679; x_wconf 85' lang='lat' dir='ltr'><strong>sam,</strong></span> <span class='ocrx_word' id='word_1_161' title='bbox 293 2588 378 2658; x_wconf 89' lang='lat' dir='ltr'><strong>licet</strong></span> <span class='ocrx_word' id='word_1_162' title='bbox 396 2587 593 2677; x_wconf 78' lang='lat' dir='ltr'><strong>Maiestatis</strong></span> <span class='ocrx_word' id='word_1_163' title='bbox 611 2590 753 2658; x_wconf 90' lang='lat' dir='ltr'><strong>nomine</strong></span> <span class='ocrx_word' id='word_1_164' title='bbox 774 2584 933 2656; x_wconf 85' lang='lat' dir='ltr'><strong>decorati</strong></span> <span class='ocrx_word' id='word_1_165' title='bbox 960 2586 1233 2678; x_wconf 85' lang='lat' dir='ltr'><strong>conspiciantur.</strong></span> <span class='ocrx_word' id='word_1_166' title='bbox 1273 2587 1382 2659; x_wconf 84' lang='lat' dir='ltr'><strong>Alio-</strong></span> 
     </span>
     <span class='ocr_line' id='line_1_23' title="bbox 112 2685 1406 2784; baseline 0 -22"><span class='ocrx_word' id='word_1_167' title='bbox 112 2729 114 2734; x_wconf 94' lang='lat'>·</span> <span class='ocrx_word' id='word_1_168' title='bbox 189 2693 272 2784; x_wconf 91' lang='lat' dir='ltr'><strong>quin</strong></span> <span class='ocrx_word' id='word_1_169' title='bbox 291 2699 390 2760; x_wconf 87' lang='lat' dir='ltr'><strong>actus</strong></span> <span class='ocrx_word' id='word_1_170' title='bbox 410 2687 659 2761; x_wconf 72' lang='lat' dir='ltr'><strong>coronationis</strong></span> <span class='ocrx_word' id='word_1_171' title='bbox 678 2687 770 2757; x_wconf 92' lang='lat' dir='ltr'><strong>idem</strong></span> <span class='ocrx_word' id='word_1_172' title='bbox 800 2694 868 2773; x_wconf 86' lang='lat' dir='ltr'><strong>ost,</strong></span> <span class='ocrx_word' id='word_1_173' title='bbox 897 2707 1000 2780; x_wconf 90' lang='lat' dir='ltr'><strong>quem</strong></span> <span class='ocrx_word' id='word_1_174' title='bbox 1019 2685 1205 2761; x_wconf 87' lang='lat' dir='ltr'><strong>observari</strong></span> <span class='ocrx_word' id='word_1_175' title='bbox 1233 2685 1382 2762; x_wconf 84' lang='lat' dir='ltr'><strong>diximus</strong></span> <span class='ocrx_word' id='word_1_176' title='bbox 1402 2693 1406 2701; x_wconf 80' lang='grc'><em>“</em></span> 
     </span>
     <span class='ocr_line' id='line_1_24' title="bbox 187 2787 1382 2884; baseline 0.002 -22"><span class='ocrx_word' id='word_1_177' title='bbox 187 2794 225 2864; x_wconf 93' lang='lat' dir='ltr'><strong>in</strong></span> <span class='ocrx_word' id='word_1_178' title='bbox 241 2793 342 2883; x_wconf 89' lang='lat' dir='ltr'><strong>regia</strong></span> <span class='ocrx_word' id='word_1_179' title='bbox 360 2793 652 2884; x_wconf 78' lang='lat' dir='ltr'><strong>inauguration03</strong></span> <span class='ocrx_word' id='word_1_180' title='bbox 682 2787 840 2874; x_wconf 81' lang='lat' dir='ltr'><strong>effectus,</strong></span> <span class='ocrx_word' id='word_1_181' title='bbox 869 2796 906 2858; x_wconf 93' lang='lat' dir='ltr'><strong>ut</strong></span> <span class='ocrx_word' id='word_1_182' title='bbox 932 2788 1004 2876; x_wconf 87' lang='lat' dir='ltr'><strong>jam</strong></span> <span class='ocrx_word' id='word_1_183' title='bbox 1032 2797 1223 2862; x_wconf 88' lang='lat' dir='ltr'><strong>coronatus</strong></span> <span class='ocrx_word' id='word_1_184' title='bbox 1254 2788 1382 2864; x_wconf 85' lang='lat' dir='ltr'><strong>haeres</strong></span> 
     </span>
     <span class='ocr_line' id='line_1_25' title="bbox 189 2890 1431 2986; baseline -0.001 -22"><span class='ocrx_word' id='word_1_185' title='bbox 189 2892 231 2964; x_wconf 90' lang='lat' dir='ltr'><strong>ab</strong></span> <span class='ocrx_word' id='word_1_186' title='bbox 250 2894 504 2966; x_wconf 89' lang='lat' dir='ltr'><strong>Antecessoris</strong></span> <span class='ocrx_word' id='word_1_187' title='bbox 521 2900 635 2962; x_wconf 87' lang='lat' dir='ltr'><strong>morte</strong></span> <span class='ocrx_word' id='word_1_188' title='bbox 656 2910 794 2961; x_wconf 91' lang='lat' dir='ltr'><strong>omnem</strong></span> <span class='ocrx_word' id='word_1_189' title='bbox 820 2890 942 2980; x_wconf 87' lang='lat' dir='ltr'><strong>regiae</strong></span> <span class='ocrx_word' id='word_1_190' title='bbox 972 2892 1160 2982; x_wconf 87' lang='lat' dir='ltr'><strong>potestatis</strong></span> <span class='ocrx_word' id='word_1_191' title='bbox 1189 2890 1383 2986; x_wconf 87' lang='lat' dir='ltr'><strong>plenitudi-</strong></span> <span class='ocrx_word' id='word_1_192' title='bbox 1417 2939 1431 2967; x_wconf 83' lang='grc'><strong>,-</strong></span> 
     </span>
     <span class='ocr_line' id='line_1_26' title="bbox 189 2985 1436 3088; baseline 0.002 -22"><span class='ocrx_word' id='word_1_193' title='bbox 189 3016 283 3083; x_wconf 82' lang='lat' dir='ltr'><strong>nem‚</strong></span> <span class='ocrx_word' id='word_1_194' title='bbox 304 2996 382 3066; x_wconf 92' lang='lat' dir='ltr'><strong>sine</strong></span> <span class='ocrx_word' id='word_1_195' title='bbox 410 2993 482 3068; x_wconf 89' lang='lat' dir='ltr'><strong>ulla</strong></span> <span class='ocrx_word' id='word_1_196' title='bbox 510 3013 606 3066; x_wconf 86' lang='lat' dir='ltr'><strong>nova</strong></span> <span class='ocrx_word' id='word_1_197' title='bbox 636 2985 909 3086; x_wconf 86' lang='lat' dir='ltr'><strong>inauguratione</strong></span> <span class='ocrx_word' id='word_1_198' title='bbox 938 2991 1222 3084; x_wconf 77' lang='lat' dir='ltr'><strong>interveniente,</strong></span> <span class='ocrx_word' id='word_1_199' title='bbox 1249 3014 1382 3087; x_wconf 87' lang='lat' dir='ltr'><strong>prosc·</strong></span> <span class='ocrx_word' id='word_1_200' title='bbox 1409 2991 1436 3088; x_wconf 74' lang='lat' dir='ltr'>J</span> 
     </span>
     <span class='ocr_line' id='line_1_27' title="bbox 189 3105 325 3192; baseline -0.022 -25"><span class='ocrx_word' id='word_1_201' title='bbox 189 3105 325 3192; x_wconf 83' lang='lat' dir='ltr'><strong>quatur.</strong></span> 
     </span>
    </p>
   </div>
   <div class='ocr_carea' id='block_1_3' title="bbox 252 3281 1308 3764">
    <p class='ocr_par' dir='ltr' id='par_1_4' title="bbox 252 3281 1308 3764">
     <span class='ocr_line' id='line_1_28' title="bbox 652 3281 974 3399; baseline 0 -17"><span class='ocrx_word' id='word_1_202' title='bbox 652 3311 812 3399; x_wconf 72' lang='lat' dir='ltr'><strong>capum</strong></span> <span class='ocrx_word' id='word_1_203' title='bbox 834 3312 920 3384; x_wconf 75' lang='lat' dir='ltr'><strong>Vl.</strong></span> <span class='ocrx_word' id='word_1_204' title='bbox 967 3281 974 3292; x_wconf 41' lang='lat'><em>⁶</em></span> 
     </span>
     <span class='ocr_line' id='line_1_29' title="bbox 252 3419 1308 3544; baseline 0.001 -36"><span class='ocrx_word' id='word_1_205' title='bbox 252 3428 310 3510; x_wconf 84' lang='lat' dir='ltr'><strong>lte</strong></span> <span class='ocrx_word' id='word_1_206' title='bbox 337 3419 724 3544; x_wconf 78' lang='lat' dir='ltr'><strong>Administrationo</strong></span> <span class='ocrx_word' id='word_1_207' title='bbox 750 3423 887 3526; x_wconf 84' lang='lat' dir='ltr'><strong>Regni</strong></span> <span class='ocrx_word' id='word_1_208' title='bbox 914 3424 1032 3526; x_wconf 85' lang='lat' dir='ltr'><strong>ltcgc</strong></span> <span class='ocrx_word' id='word_1_209' title='bbox 1059 3420 1308 3509; x_wconf 82' lang='lat' dir='ltr'><strong>minorandi.</strong></span> 
     </span>
     <span class='ocr_line' id='line_1_30' title="bbox 515 3547 1056 3764; baseline -0.007 -16"><span class='ocrx_word' id='word_1_210' title='bbox 515 3673 645 3748; x_wconf 82' lang='lat' dir='ltr'><strong>Tutela</strong></span> <span class='ocrx_word' id='word_1_211' title='bbox 671 3547 1056 3764; x_wconf 38' lang='lat' dir='ltr'><strong>aggaiffimorenna.</strong></span> 
     </span>
    </p>
   </div>
   <div class='ocr_carea' id='block_1_4' title="bbox 86 3796 1384 4112">
    <p class='ocr_par' dir='ltr' id='par_1_5' title="bbox 86 3796 1384 4112">
     <span class='ocr_line' id='line_1_31' title="bbox 288 3796 1381 3894; baseline -0.014 -11"><span class='ocrx_word' id='word_1_212' title='bbox 288 3809 467 3882; x_wconf 88' lang='lat' dir='ltr'><strong>Evenerat</strong></span> <span class='ocrx_word' id='word_1_213' title='bbox 484 3827 557 3878; x_wconf 92' lang='lat' dir='ltr'><strong>non</strong></span> <span class='ocrx_word' id='word_1_214' title='bbox 585 3799 708 3890; x_wconf 77' lang='lat' dir='ltr'><strong>semel,</strong></span> <span class='ocrx_word' id='word_1_215' title='bbox 738 3807 843 3894; x_wconf 87' lang='lat' dir='ltr'><strong>atquo</strong></span> <span class='ocrx_word' id='word_1_216' title='bbox 871 3799 1019 3871; x_wconf 86' lang='lat' dir='ltr'><strong>evenire</strong></span> <span class='ocrx_word' id='word_1_217' title='bbox 1046 3796 1214 3894; x_wconf 86' lang='lat' dir='ltr'><strong>deinceps</strong></span> <span class='ocrx_word' id='word_1_218' title='bbox 1241 3816 1381 3892; x_wconf 70' lang='lat' dir='ltr'><strong>quocum</strong></span> 
     </span>
     <span class='ocr_line' id='line_1_32' title="bbox 86 3899 1383 4010; baseline -0.015 -23"><span class='ocrx_word' id='word_1_219' title='bbox 86 3906 89 3912; x_wconf 72' lang='grc'><strong>’</strong></span> <span class='ocrx_word' id='word_1_220' title='bbox 188 3954 240 3966; x_wconf 93' lang='grc'>-</span> <span class='ocrx_word' id='word_1_221' title='bbox 266 3912 474 4010; x_wconf 91' lang='lat' dir='ltr'><strong>praeprimis</strong></span> <span class='ocrx_word' id='word_1_222' title='bbox 494 3930 571 3979; x_wconf 91' lang='lat' dir='ltr'><strong>cum</strong></span> <span class='ocrx_word' id='word_1_223' title='bbox 588 3901 766 3996; x_wconf 91' lang='lat' dir='ltr'><strong>Hungaria</strong></span> <span class='ocrx_word' id='word_1_224' title='bbox 784 3902 946 3996; x_wconf 90' lang='lat' dir='ltr'><strong>Regnum</strong></span> <span class='ocrx_word' id='word_1_225' title='bbox 975 3903 1021 3974; x_wconf 90' lang='lat' dir='ltr'><strong>sit</strong></span> <span class='ocrx_word' id='word_1_226' title='bbox 1044 3899 1315 3974; x_wconf 88' lang='lat' dir='ltr'><strong>haereditarium</strong></span> <span class='ocrx_word' id='word_1_227' title='bbox 1331 3937 1383 3951; x_wconf 92' lang='lat'>-</span> 
     </span>
     <span class='ocr_line' id='line_1_33' title="bbox 131 4001 1384 4112; baseline -0.014 -23"><span class='ocrx_word' id='word_1_228' title='bbox 131 4063 159 4089; x_wconf 85' lang='lat'><strong>..</strong></span> <span class='ocrx_word' id='word_1_229' title='bbox 187 4019 335 4112; x_wconf 83' lang='lat' dir='ltr'><strong>poterit,</strong></span> <span class='ocrx_word' id='word_1_230' title='bbox 355 4020 393 4082; x_wconf 90' lang='lat' dir='ltr'><strong>ut</strong></span> <span class='ocrx_word' id='word_1_231' title='bbox 420 4011 618 4086; x_wconf 85' lang='lat' dir='ltr'><strong>Successor</strong></span> <span class='ocrx_word' id='word_1_232' title='bbox 644 4007 827 4101; x_wconf 89' lang='lat' dir='ltr'><strong>proximus</strong></span> <span class='ocrx_word' id='word_1_233' title='bbox 856 4026 919 4078; x_wconf 91' lang='lat' dir='ltr'><strong>sua</strong></span> <span class='ocrx_word' id='word_1_234' title='bbox 947 4010 1123 4099; x_wconf 88' lang='lat' dir='ltr'><strong>potestate</strong></span> <span class='ocrx_word' id='word_1_235' title='bbox 1152 4001 1296 4094; x_wconf 87' lang='lat' dir='ltr'><strong>defungi</strong></span> <span class='ocrx_word' id='word_1_236' title='bbox 1319 4022 1384 4098; x_wconf 89' lang='lat' dir='ltr'><strong>por</strong></span> 
     </span>
    </p>
   </div>
   <div class='ocr_carea' id='block_1_5' title="bbox 189 4105 1499 4210">
    <p class='ocr_par' dir='ltr' id='par_1_6' title="bbox 189 4105 1499 4210">
     <span class='ocr_line' id='line_1_34' title="bbox 189 4105 1499 4210; baseline -0.012 -22"><span class='ocrx_word' id='word_1_237' title='bbox 189 4129 353 4207; x_wconf 83' lang='lat' dir='ltr'><strong>aetatem,</strong></span> <span class='ocrx_word' id='word_1_238' title='bbox 383 4135 486 4210; x_wconf 86' lang='lat' dir='ltr'><strong>quam</strong></span> <span class='ocrx_word' id='word_1_239' title='bbox 513 4108 764 4186; x_wconf 79' lang='lat' dir='ltr'><strong>iurisconsulti</strong></span> <span class='ocrx_word' id='word_1_240' title='bbox 790 4105 1207 4180; x_wconf 86' lang='lat' dir='ltr'><strong>minorennitatem</strong></span> <span class='ocrx_word' id='word_1_241' title='bbox 1238 4110 1383 4194; x_wconf 85' lang='lat' dir='ltr'><strong>vocant,</strong></span> <span class='ocrx_word' id='word_1_242' title='bbox 1497 4137 1499 4142; x_wconf 96' lang='lat'>·</span> 
     </span>
    </p>
   </div>
   <div class='ocr_carea' id='block_1_6' title="bbox 187 4261 391 4278">
    <p class='ocr_par' dir='ltr' id='par_1_7' title="bbox 187 4261 391 4278">
     <span class='ocr_line' id='line_1_35' title="bbox 187 4261 391 4278; baseline -0.015 -5"><span class='ocrx_word' id='word_1_243' title='bbox 187 4261 391 4278; x_wconf 73' lang='grc'><em>,,.....-.-..-</em></span> 
     </span>
    </p>
   </div>
   <div class='ocr_carea' id='block_1_7' title="bbox 217 4266 1461 4442">
    <p class='ocr_par' dir='ltr' id='par_1_8' title="bbox 217 4266 1461 4442">
     <span class='ocr_line' id='line_1_36' title="bbox 217 4266 1461 4372; baseline -0.007 -12"><span class='ocrx_word' id='word_1_244' title='bbox 217 4307 247 4372; x_wconf 76' lang='grc' dir='ltr'><strong>ι)</strong></span> <span class='ocrx_word' id='word_1_245' title='bbox 261 4307 341 4360; x_wconf 76' lang='lat' dir='ltr'><strong>reru.</strong></span> <span class='ocrx_word' id='word_1_246' title='bbox 358 4305 391 4354; x_wconf 93' lang='grc' dir='ltr'><strong>ιι.</strong></span> <span class='ocrx_word' id='word_1_247' title='bbox 405 4309 433 4356; x_wconf 80' lang='lat' dir='ltr'><strong>a</strong></span> <span class='ocrx_word' id='word_1_248' title='bbox 451 4266 625 4369; x_wconf 76' lang='lat' dir='ltr'><strong>run-neap.</strong></span> <span class='ocrx_word' id='word_1_249' title='bbox 642 4306 676 4356; x_wconf 93' lang='grc' dir='ltr'><strong>ιι.</strong></span> <span class='ocrx_word' id='word_1_250' title='bbox 693 4303 766 4371; x_wconf 79' lang='lat' dir='ltr'><strong>nnn.</strong></span> <span class='ocrx_word' id='word_1_251' title='bbox 782 4303 877 4371; x_wconf 56' lang='lat' dir='ltr'><strong>naua.</strong></span> <span class='ocrx_word' id='word_1_252' title='bbox 888 4301 955 4356; x_wconf 78' lang='lat' dir='ltr'><strong>coa.</strong></span> <span class='ocrx_word' id='word_1_253' title='bbox 970 4301 1042 4356; x_wconf 71' lang='lat' dir='ltr'><strong>aona</strong></span> <span class='ocrx_word' id='word_1_254' title='bbox 1059 4296 1284 4358; x_wconf 62' lang='lat' dir='ltr'><strong>tunam-vm</strong></span> <span class='ocrx_word' id='word_1_255' title='bbox 1300 4301 1384 4352; x_wconf 71' lang='lat' dir='ltr'><strong>aare</strong></span> <span class='ocrx_word' id='word_1_256' title='bbox 1460 4316 1461 4320; x_wconf 18' lang='grc' dir='ltr'>ι</span> 
     </span>
     <span class='ocr_line' id='line_1_37' title="bbox 265 4373 1429 4442; baseline -0.01 -12"><span class='ocrx_word' id='word_1_257' title='bbox 265 4381 337 4431; x_wconf 65' lang='lat' dir='ltr'><strong>cent</strong></span> <span class='ocrx_word' id='word_1_258' title='bbox 355 4374 427 4440; x_wconf 82' lang='lat' dir='ltr'><strong>Dipl.</strong></span> <span class='ocrx_word' id='word_1_259' title='bbox 443 4374 538 4442; x_wconf 65' lang='lat' dir='ltr'><strong>locun.</strong></span> <span class='ocrx_word' id='word_1_260' title='bbox 552 4373 634 4432; x_wconf 71' lang='lat' dir='ltr'><strong>sero</strong></span> <span class='ocrx_word' id='word_1_261' title='bbox 648 4373 681 4427; x_wconf 84' lang='lat' dir='ltr'><strong>V.</strong></span> <span class='ocrx_word' id='word_1_262' title='bbox 1426 4411 1429 4418; x_wconf 91' lang='lat'>.</span> 
     </span>
    </p>
   </div>
   <div class='ocr_carea' id='block_1_8' title="bbox 0 0 1584 4860">
    <p class='ocr_par' dir='ltr' id='par_1_9' title="bbox 0 0 1584 4860">
     <span class='ocr_line' id='line_1_38' title="bbox 0 0 1584 4860; baseline 0 0"><span class='ocrx_word' id='word_1_263' title='bbox 0 0 1584 4860; x_wconf 95' lang='lat' dir='ltr'><strong> </strong></span> 
     </span>
    </p>
   </div>
  </div>
 </body>
</html>
