3158 4864
1336 243 1409 319 tat

295 402 473 481 „misimus
494 403 578 485 apud
599 398 798 486 Majestatem
821 405 897 470 dieti
917 405 1037 470 domini
1058 407 1161 472 nostri
1175 405 1272 488 Regis
1288 407 1410 472 uernis

294 490 473 570 ‚‚preeibua,
495 498 526 553 et
547 488 710 552 laboribus
733 489 868 569 aliquam
888 492 1092 576 gratitudinis
1114 493 1213 556 ricem
1228 495 1410 572 rependere,

297 575 355 652 „in
378 575 449 638 hec
471 583 616 638 nostre
639 572 971 659 congregatione
994 580 1122 642 eidem
1145 578 1316 641 Domino
1339 597 1409 642 no-

296 668 406 739 „stro
429 662 525 744 Regi
547 661 793 725 unanimiter
816 664 1154 746 supplicavimus,
1177 672 1212 727 ut
1230 665 1293 726 Sua
1312 666 1408 728 Sera-

274 747 402 825 x„nitas
424 747 558 810 tantia
580 745 674 810 Viri
702 745 830 834 hujus
859 751 1039 829 moritis,
1073 769 1133 832 quo
1163 759 1193 814 et
1215 749 1267 812 sui
1287 749 1411 830 proprii

297 833 482 916 „sangoinis
506 833 679 913 effusione,
701 843 731 899 et
752 836 960 917 plurimorum
982 839 1135 916 fratrum,
1167 835 1356 916 amicorum,
1379 843 1411 899 et

296 941 461 1000 „carorum
483 921 698 985 Familiarium
720 932 830 1003 morte,
852 932 883 987 at
901 925 1072 988 amissione
1093 923 1294 1006 conquisivit,
1315 931 1412 1007 grata

298 1010 526 1089 „retributione
558 1011 753 1089 rependeret.
793 1012 884 1085 Quod
917 1021 948 1075 et
980 1010 1054 1075 feeit
1087 1030 1146 1075 sue
1175 1009 1332 1076 Serenitas
1366 1013 1410 1074 de

300 1097 496 1176 „omnium
518 1105 703 1160 nostrum
736 1099 939 1177 consilio,
974 1095 1266 1180 praeficiendo
1290 1096 1411 1160 seili-

300 1192 385 1264 „eet
418 1184 571 1266 ipsum,
604 1189 642 1244 et
664 1181 802 1262 filios,
833 1193 870 1248 et
901 1183 1103 1248 haeredes
1136 1202 1235 1251 suos
1265 1182 1306 1246 in
1337 1181 1410 1246 (io-

300 1271 441 1350 „mitea
476 1266 676 1352 majores,
717 1267 894 1348 liberos,
936 1277 974 1333 et
1014 1278 1241 1352 perpetuos
1284 1287 1411 1348 super

300 1356 543 1433 „distrietu,
566 1363 601 1418 et
625 1354 829 1418 Comitatu
852 1357 1145 1434 Risztrieenei,
1167 1356 1411 1418 universarum-

299 1462 378 1523 ‚‚que
405 1441 665 1522 pertinentiarum
698 1439 787 1523 ejus,
819 1450 914 1520 prout
943 1443 976 1502 in
1005 1442 1119 1504 litteris
1149 1441 1253 1522 ipsius
1283 1440 1411 1502 Domini

299 1531 423 1607 ‚nostri
444 1529 556 1608 Regis,
579 1525 748 1607 superinde
779 1528 947 1606 confectis,
969 1527 1112 1608 plenius,
1140 1535 1172 1590 et
1192 1525 1309 1590 clarius
1331 1544 1411 1590 eon-

300 1617 463 1693 ,‚tinetur.‹
489 1615 575 1688 Quas
608 1613 730 1693 quidem
763 1614 1023 1693 procreationem,
1057 1619 1088 1675 et
1116 1614 1343 1690 Donationam‚
1376 1630 1412 1674 ae

299 1702 425 1781 „omnia
454 1721 510 1781 per
544 1701 660 1762 dictum
689 1700 859 1762 Dominum
889 1709 1030 1763 nostrum
1060 1700 1177 1780 Regem
1209 1717 1315 1762 seeum
1344 1705 1412 1760 aeta

299 1807 393 1866 „nos
428 1805 581 1863 omnes,
613 1785 652 1846 id
685 1794 747 1848 est
776 1793 902 1849 totum
937 1789 1011 1850 hoe
1048 1786 1241 1866 Regnum,
1282 1785 1412 1864 quoad

264 1891 461 1950 .‚‚omnes
494 1870 728 1949 clausulas,
770 1880 807 1934 et
845 1872 1050 1935 articulos
1081 1870 1335 1934 eonfitemur
1367 1871 1411 1931 de

301 1965 465 2035 „nostro
495 1956 695 2032 consilio,
728 1964 766 2017 et
798 1975 1022 2032 consensu,
1055 1965 1279 2037 nostraque
1308 1954 1411 2035 peti-

300 2043 434 2120 „tione
462 2049 501 2103 et
529 2040 839 2102 collaudatione
862 2060 973 2116 ease,
1007 2049 1045 2103 et
1072 2041 1207 2104 fuisse
1229 2041 1410 2118 babitus,

301 2129 535 2210 „digneque,
566 2134 602 2187 et
634 2124 947 2189 rationabiliter
977 2126 1133 2203 lactas,
1163 2133 1199 2189 at
1220 2134 1410 2207 parentas

301 2215 364 2292 „in
386 2214 458 2274 bae
480 2218 616 2275 nostre
638 2211 824 2293 generali
848 2212 1171 2296 congregatione
1193 2229 1411 2289 censemus,

303 2299 586 2379 „decernimus
609 2305 667 2362 etc.
689 2301 769 2363 eto.“

694 2503 853 2591 capent
875 2505 934 2575 V·

582 2642 639 2723 lle
665 2639 793 2722 Statu
817 2638 1054 2723 Nobilium.

740 2792 777 2878 §.
807 2795 893 2868 256.

657 2945 783 3034 Rapui
805 2943 974 3018 Nobiles.

318 3090 443 3161 Donec
471 3089 609 3180 Status,
637 3100 672 3161 et
699 3089 848 3163 Ordines
879 3092 1039 3185 quaterni
1069 3085 1206 3183 Corpus
1226 3085 1409 3160 Comitiele

218 3191 491 3277 constituebant,
510 3195 765 3287 unusquisque,
785 3197 844 3286 qui
863 3195 998 3264 cunctis
1017 3194 1191 3263 communi
1209 3191 1411 3281 Praeroga-

218 3295 291 3364 tive
309 3291 485 3386 pollebat,
519 3296 602 3386 quin
627 3303 745 3365 temen
763 3294 808 3365 ed
825 3293 936 3384 duos,
965 3294 1087 3366 ordine
1105 3295 1268 3388 prioreS,
1294 3291 1411 3384 porti-

219 3403 333 3482 nerat,
360 3392 471 3465 inille
491 3396 613 3465 stricte
632 3394 808 3466 Nobilium
828 3397 944 3469 elassa
964 3391 1197 3485 censebatur,
1226 3413 1316 3489 quae
1335 3401 1413 3462 ter-

219 3499 304 3567 tium
322 3494 437 3588 Regni
456 3493 591 3568 Statum
609 3497 803 3587 constituit,
827 3506 862 3568 et
880 3501 917 3570 in
940 3500 993 3568 sui
1014 3497 1272 3570 distinctionem
1290 3493 1414 3586 Equa-

221 3599 303 3670 stris
330 3597 503 3672 interdum
529 3606 690 3671 vocatur.

738 3769 775 3857 §.
805 3769 890 3842 257.

512 3921 677 4006 Quorum
704 3919 846 3992 claraco
873 3918 1129 3992 elementariae.

324 4068 484 4141 Diximus
511 4067 728 4163 Aborigines
755 4075 900 4141 nostros
918 4105 969 4120 -
987 4089 1051 4163 pro
1075 4087 1173 4139 mora
1193 4064 1347 4138 Orientis
1365 4102 1417 4118 -

221 4171 257 4241 in
284 4169 416 4259 tribus,
446 4193 487 4241 ec
511 4173 763 4264 generationes
789 4169 946 4261 divisos,
975 4169 1135 4258 ejusdem
1159 4172 1299 4240 omuino
1328 4186 1417 4240 san-

119 4289 122 4294 ·
222 4272 339 4363 guinis
376 4272 557 4346 lllilites
588 4273 793 4365 (Vitdnek),
812 4281 851 4344 ut
874 4294 915 4344 re
946 4272 1214 4370 ipsalluerant,
1242 4272 1416 4366 principio

223 4372 419 4470 adpellatos
449 4376 587 4467 (153),
621 4383 692 4447 tum
727 4374 1123 4474 Exercituantes.
1144 4365 1346 4474 (vitante),
1381 4383 1418 4444 at
