3144 4860
1269 286 1340 362 tos

142 451 331 551 appellata,
342 453 436 526 inter
455 469 578 524 sacros
596 449 697 524 Ritus
715 451 807 544 Regi
825 449 1014 526 identidem
1038 453 1230 528 osculando
1249 475 1340 550 por-

139 558 278 649 rigitur.
333 555 487 628 Tertiam
532 549 831 626 cubiculariorum
878 552 1061 647 Regulium
1097 555 1268 649 Magister
1307 559 1341 630 si

140 657 378 730 Direetorium
403 654 661 748 Inauguralium
682 652 801 726 saron
822 653 896 743 111,
922 659 983 728 vel
1008 679 1180 731 coaevam
1199 659 1340 730 illorum

141 758 414 852 descriptionem
427 758 638 830 consulimus
653 757 700 846 ¹),
718 778 830 850 aeque
852 766 1025 852 tamquam
1036 759 1152 852 Regni
1174 761 1340 854 Aposto-

20 876 23 880 '
141 863 200 933 lici
227 861 370 952 Insigne
398 881 470 932 non
490 862 526 930 in
552 860 739 954 pulvinari,
778 858 901 930 sedin
930 883 1034 932 mauu
1066 872 1184 956 portat
1202 859 1256 950 a).
1284 860 1340 934 De

138 965 283 1037 vexillis
310 960 433 1032 decem
454 964 584 1033 mentio
608 963 643 1031 in
666 959 916 1055 Superioribus
943 963 1132 1035 identidem
1156 963 1249 1035 lacta
1269 971 1351 1054 est,

140 1066 255 1158 (108)
285 1064 406 1134 aderat
434 1072 635 1157 praetcrea,
664 1084 767 1156 quum
798 1059 946 1136 Carolus
978 1064 1200 1159 Dprachiuus
1232 1068 1339 1136 iuau-

138 1176 346 1262 guraretur,
391 1165 570 1260 peculiare
609 1164 787 1237 Vexillum
825 1165 861 1240 S.
898 1165 1090 1262 Stephani,
1136 1167 1339 1239 Vexillilcri

136 1269 397 1344 inadverteutia
425 1267 643 1338 confractum
675 1265 721 1357 bJ.

179 1392 218 1476 aa)
237 1391 430 1453 Memoratas
445 1399 509 1452 tres
525 1387 642 1451 Cruces
655 1389 688 1449 iu
704 1390 936 1470 Gazophyleeio
955 1389 1093 1470 Capituli
1110 1389 1338 1472 strigoniensis
1401 1445 1404 1454 ,

221 1475 316 1558 longo
336 1475 402 1562 jam
424 1485 564 1556 tempore
577 1477 747 1553 asservari,
772 1476 923 1557 originale
938 1477 1149 1537 inventarium
1166 1474 1226 1539 huo
1243 1476 1338 1557 spec·-

222 1564 318 1626 tnntis
341 1563 425 1627 sacri
447 1562 616 1638 Thesauri,
639 1562 899 1626 canonistas
920 1563 1183 1642 semptembris
1202 1563 1338 1624 authen*

222 1651 281 1713 tice
295 1650 479 1727 coniectum,
492 1649 641 1725 ostendit,
654 1648 711 1710 ubi
724 1659 845 1712 caetera
857 1651 1083 1712 internotetum
1097 1648 1172 1730 lagi:
1182 1648 1338 1724 „Crucem

223 1757 281 1815 „ex
300 1758 380 1819 puro
402 1755 479 1800 euro
497 1735 655 1816 lapidibus
681 1737 831 1815 pretiosis
856 1745 1013 1812 ornatam,
1036 1754 1133 1815 super
1156 1755 1215 1814 qua
1234 1735 1336 1816 Rage's

221 1822 423 1905 „Hungariae
451 1830 590 1901 tempore
612 1820 835 1886 Coronationis
859 1820 969 1905 jurare
993 1830 1239 1899 consueverunt,
1263 1840 1282 1880 a
1305 1823 1338 1888 S.

221 1909 451 1988 „Stephano
474 1909 601 1986 primo
625 1905 864 1988 Hungariae
887 1909 991 1988 Rege
1016 1909 1216 1982 donatam,
1240 1927 1337 1987 porro

221 1993 382 2074 „alteram
405 2011 461 2053 seu
481 1991 643 2053 Pacificale
660 1993 778 2070 pariter
796 2011 934 2068 aureum,
958 2000 1048 2070 atque
1063 1992 1220 2070 lapidibus
1238 1991 1337 2054 orna-

221 2081 332 2158 ‚‚tum“
349 2096 367 2137 a
383 2076 518 2138 Primate
541 2075 678 2155 Georgia
697 2075 916 2156 Szelepestnyi
937 2075 1049 2157 (cujus
1071 2078 1210 2156 iusignia
1229 2078 1336 2142 inille

219 2163 390 2244 conspicua
408 2160 503 2246 suut)
531 2161 630 2226 eidem
652 2160 726 2223 huic
752 2159 982 2224 canonicorum
1000 2159 1141 2243 collegio
1163 2162 1337 2226 luissele-
1420 2197 1422 2202 ,

219 2258 336 2336 gotum.

596 2375 756 2461 capam
780 2374 867 2444 IV.

473 2489 526 2574 be
552 2485 990 2703 Regipapppngariao.

484 2747 544 2818 Be
571 2765 646 2835 qna
673 2741 734 2814 bio
759 2761 885 2816 sermo
915 2755 979 2815 est.

231 2869 282 2942 Ea
311 2870 446 2959 omnia,
474 2889 564 2963 quae
592 2867 636 2938 de
665 2866 802 2960 Regum
834 2866 985 2955 honore,
1013 2866 1137 2957 titulis,
1165 2865 1335 2962 dignitate

132 2975 303 3047 hactenus
334 2981 415 3045 sunt
438 2970 576 3061 tradita,
606 2991 767 3063 quaeque
800 2969 969 3064 deinceps
999 2965 1042 3038 de
1060 2978 1262 3063 potestate,
1290 2995 1334 3044 ac

130 3076 266 3167 juribus
288 3097 410 3147 eorum
433 3073 581 3145 dicenda
603 3079 752 3160 restant,
783 3072 828 3143 de
847 3072 995 3164 Reginis
1016 3091 1157 3165 quoque
1183 3075 1334 3165 exlege

133 3177 396 3265 fundamentali,
414 3174 601 3270 Imperium
615 3174 879 3264 exercentibus,
899 3171 1104 3266 accipienda
1121 3193 1216 3262 esse,
1230 3174 1333 3246 dubio

134 3275 661 3374 earet.EapropterMaria1.
693 3285 730 3350 et
761 3279 895 3365 altena,
932 3274 1123 3363 Theresia,
1159 3277 1335 3348 interdum

132 3384 290 3476 Reges
316 3382 434 3476 potius
459 3377 697 3449 salutabantur
728 3379 772 3468 ⁶).
802 3379 969 3449 Vicissim
994 3377 1168 3469 Reginae,
1195 3378 1334 3472 Regum
1432 3403 1434 3408 ·

132 3483 325 3576 Coniuges,
353 3477 542 3572 dequibus
573 3477 678 3550 isthic
708 3498 826 3550 sermo
857 3482 944 3564 orit,
972 3500 1037 3572 per
1067 3479 1277 3550 connubium
1297 3485 1334 3553 in

133 3588 411 3658 communionem
440 3580 581 3676 imperii
614 3577 707 3649 haud
736 3582 906 3666 veniunt,
934 3575 1091 3648 honores
1124 3587 1264 3668 tamen,
1293 3603 1334 3651 ac

130 3687 252 3760 titulos
273 3686 409 3778 Regiae
429 3682 625 3774 Majestatis
647 3683 699 3753 sic
715 3683 794 3777 ipso
815 3681 908 3754 iacto
928 3680 1150 3774 participant,
1180 3691 1217 3752 ut
1238 3681 1333 3753 alte-

131 3813 207 3862 rum
235 3812 255 3860 a
288 3786 414 3860 Marito
443 3787 480 3857 in
508 3783 714 3858 Monarchia
741 3784 859 3857 locum
890 3783 1138 3876 adipiscantur.
1176 3782 1215 3876 ld
1239 3783 1334 3876 quod

131 3889 262 3964 nemini
292 3910 364 3960 uon
393 3896 493 3959 recte
525 3885 621 3976 fieri,
649 3885 848 3981 factumque
879 3885 1013 3973 fuisso,
1040 3881 1159 3955 videri
1189 3889 1332 3980 poterit.

131 3993 221 4080 Quid
246 3994 338 4063 enim
362 4012 382 4061 a
402 3990 504 4083 Rege
529 3991 712 4083 augustius
741 3988 971 4086 reputabitur,
1000 4006 1103 4080 quam
1128 3991 1219 4081 regii
1239 3988 1333 4062 thori

159 4163 185 4226 ι)
204 4161 315 4212 Solenn.
334 4163 426 4225 inaug.
452 4163 520 4229 Reg.
543 4167 573 4214 ot
598 4162 696 4227 Regio.
722 4162 841 4216 Periodo
868 4163 915 4216 111.
932 4160 1016 4214 biert.
1045 4159 1148 4225 soom.
1173 4160 1333 4215 ltovacbich
1406 4172 1409 4178 '

158 4299 187 4364 b)
206 4229 477 4354 d'bhbdcu-cid9ddlt.
493 4300 685 4354 schvandtner
699 4316 724 4367 p.
737 4302 797 4354 2¹0.

158 4371 184 4436 ο)
202 4373 245 4422 De
259 4373 347 4424 Maria
356 4367 379 4424 1.
393 4373 448 4425 vid.
465 4370 534 4422 hauc
551 4371 578 4424 lu
594 4387 653 4424 rem
670 4372 739 4424 alios
756 4373 830 4423 luter
845 4371 950 4423 lintona
967 4371 1039 4424 illst.
1056 4373 1135 4437 Prag.
1147 4367 1236 4433 flung.
1249 4369 1279 4421 P.
1294 4371 1330 4426 ll.

206 4455 232 4506 p.
248 4443 308 4498 187.
326 4445 370 4497 De
385 4442 474 4495 Marta
485 4440 620 4498 Therasia
634 4442 708 4496 Dian.
724 4443 799 4496 com.
815 4457 851 4497 ex
865 4444 926 4496 Dlr.
944 4444 1042 4496 Geron.
1060 4446 1094 4496 de
1106 4444 1187 4494 Anno
1200 4438 1278 4496 1741.
