3124 4868
1288 273 1399 352 97·

138 455 174 524 in
193 459 414 546 sequestrum
443 470 604 542 sumere,
632 451 738 544 inque
768 450 1064 524 restaurationem
1094 445 1335 522 desolatorum

107 617 110 624 .
138 563 351 628 convertere
369 575 501 648 posse,
527 555 589 630 lex
606 551 669 627 sub
690 550 819 626 Carolo
838 549 899 626 vl.
918 552 989 625 lata
1019 550 1051 640 ⁸)
1082 549 1187 627 claris
1205 551 1327 627 verbis

139 658 353 731 enunciavit.

659 805 695 890 δ.
724 806 810 878 482.

498 955 523 1026 I
530 957 560 1027 V.
589 953 767 1027 Succedit
785 953 984 1027 Praelatio.
1032 915 1035 934 Ι

212 1101 471 1196 ·Complures,
509 1104 674 1198 exemplo
708 1103 854 1174 aliarum
893 1101 1104 1188 Nationum,
1149 1099 1242 1194 apud
1272 1120 1338 1174 nos

141 1210 245 1278 etiam
265 1228 284 1275 a
304 1224 468 1298 supremo
496 1205 701 1296 Patronatu,
725 1208 784 1296 jus
806 1204 901 1298 quod
921 1202 1102 1276 canonum
1120 1200 1339 1296 interpretes

139 1306 446 1399 Regaliarum
463 1317 615 1395 vocant,
644 1306 872 1394 derivabant,
896 1305 982 1376 illud
1000 1307 1183 1394 nimirum,
1209 1307 1338 1398 vigore

143 1411 243 1499 cujus
262 1409 432 1502 Princeps
450 1411 611 1480 vacantis
630 1407 888 1505 Episcopatus,
916 1418 975 1478 aut
994 1407 1140 1478 alterius
1161 1407 1340 1479 ecclesia-

143 1515 222 1586 stici
239 1507 409 1582 Beneficii
435 1513 568 1602 regalis
597 1510 711 1600 bona,
740 1533 782 1582 ac
799 1519 996 1604 prouentus
1024 1512 1160 1579 interea
1181 1511 1254 1580 suis
1274 1531 1340 1579 ac-

143 1623 277 1686 censet.
305 1610 438 1683 Verum
464 1623 540 1683 utut
570 1603 664 1684 istud
694 1617 729 1684 in
747 1612 874 1703 Regno
906 1632 1046 1705 quoque
1065 1618 1190 1682 nostro
1210 1609 1342 1681 hodie-

143 1717 222 1787 dum
241 1715 421 1802 obtineat,
449 1719 529 1808 quia
548 1713 773 1786 nibilominus
793 1713 886 1784 bona
904 1713 1146 1784 Praelatorum
1165 1734 1196 1782 -e
1226 1712 1343 1783 colla-

143 1824 240 1889 tione
259 1818 359 1908 rogia
376 1827 604 1909 promanant,
633 1827 668 1888 et
687 1817 814 1889 eodem
833 1814 911 1908 fere
930 1825 1078 1902 tenore,
1107 1835 1176 1906 quo
1199 1825 1342 1886 caetera

144 1919 391 2004 conferantur,
419 1939 534 2011 neque
554 1917 596 1988 ab
615 1918 669 1990 bis
689 1920 782 2008 alio,
802 1938 904 2010 quam
932 1919 1002 1987 isto
1023 1914 1126 1986 titulo
1145 1916 1341 2008 possiden-

144 2032 223 2108 tur,
249 2016 485 2088 deficientium
513 2040 604 2090 vero
624 2040 876 2112 possessorum
905 2027 973 2089 tam
998 2012 1344 2105 Ecclesiasticorum,

146 2142 248 2216 quam
268 2117 487 2192 Secularium
512 2119 626 2207 bona,
652 2121 752 2193 velut
780 2145 799 2192 a
828 2142 930 2193 sacra
950 2118 1090 2192 Corona
1116 2117 1342 2213 profluentia,

146 2221 384 2293 camillorum
410 2220 552 2291 deiectu
579 2220 622 2292 ad
641 2222 789 2295 eandem
816 2225 943 2294 iterum
962 2222 1223 2296 devolvuntur:
1252 2242 1344 2316 pro-

63 2329 66 2336 ’
143 2325 239 2397 fecto
270 2323 438 2417 Princeps
467 2331 591 2395 noster
616 2328 790 2396 communi
816 2323 885 2396 hoc
915 2328 1020 2395 etiam
1050 2322 1215 2396 Coronae
1253 2323 1340 2394 June

137 2429 345 2518 ,vacantium
361 2423 620 2499 Beneficiorum
637 2437 833 2520 proventus
853 2431 992 2500 aerario
1019 2426 1154 2500 inferre
1183 2447 1342 2502 consen-

147 2528 211 2604 dus
230 2537 285 2602 est
315 2525 362 2618 l’).

672 2678 709 2763 §-
737 2679 823 2754 483.

152 2826 283 2899 Istrum
301 2827 416 2898 Bono
432 2825 704 2900 Ecclesiastico
736 2832 774 2900 in
792 2831 993 2921 deoperta
1016 2836 1054 2902 in
1081 2830 1196 2902 Bona
1216 2815 1366 2902 Statue

558 2936 712 3021 possint
730 2938 927 3004 concerti?

232 3072 317 3158 (Qui
336 3073 527 3146 secundum
553 3075 747 3167 theoriam,
775 3077 867 3149 haud
896 3077 986 3151 adeo
1015 3077 1150 3171 pridem
1176 3079 1212 3147 in
1230 3075 1346 3146 lucem

150 3176 314 3245 emissam
327 3209 341 3262 ,·
363 3174 455 3247 bona
474 3175 713 3251 Ecclesiarum
732 3179 939 3276 temporalia
965 3183 1001 3250 in
1026 3179 1118 3249 bona
1137 3176 1258 3250 Status
1276 3199 1348 3270 pu-
1470 3211 1478 3224 ==

149 3276 233 3346 blici
266 3273 562 3371 (saucacorum)
593 3287 841 3376 -assignata
867 3280 1093 3354 Beneficiatis
1121 3280 1349 3352 convenienti

150 3379 408 3451 sustentatione
434 3419 485 3430 -
504 3385 590 3452 citra
607 3386 769 3473 inJuriam
800 3388 962 3458 converti
987 3385 1086 3478 quire
1105 3389 1346 3477 propugnant,
1430 3427 1431 3430 =
1475 3411 1476 3414 ¹

149 3481 218 3573 ipsi
242 3484 488 3574 percogitent,
516 3505 583 3576 qua
612 3488 788 3576 aequitate
820 3486 949 3558 limites
981 3487 1166 3556 eminentis
1195 3483 1349 3554 Dominii

151 3581 195 3652 ad
212 3585 466 3676 proprietatem
486 3583 645 3675 aliorum,
665 3587 757 3658 ultra
781 3585 976 3659 absolutam
995 3587 1249 3659 necessitatem
1268 3582 1349 3654 adi-

150 3683 335 3774 mendam,
364 3684 558 3756 extendere
576 3709 648 3758 non
666 3697 857 3760 morentur.
884 3689 925 3760 ln
950 3688 1129 3783 Hungaria
1157 3695 1254 3758 certe
1273 3685 1348 3756 Ec-

151 3785 271 3857 clesiis
288 3785 381 3858 bona
402 3787 595 3860 eorundem
609 3789 690 3878 jure
718 3802 917 3887 perpetuo,
947 3804 983 3864 et
1001 3788 1250 3879 irrevocabili,
1277 3786 1345 3858 lit-

151 3889 238 3958 teris
266 3886 508 3961 fundationum
537 3890 571 3961 id
599 3901 722 3987 aperte
751 3893 1004 3982 statuentibus,
1031 3895 1160 3989 quovis
1188 3900 1379 3984 tempore.

152 3985 255 4059 fuere
276 3990 422 4081 collata,
447 3993 613 4086 quorsum
632 4015 710 4066 oum
727 3995 930 4068 Verbbcuio
948 3995 991 4086 1)
1010 3995 1112 4087 leges
1130 3997 1349 4081 innumerae,

153 4101 201 4179 et,
231 4095 261 4161 si
287 4113 400 4185 nuper
428 4107 553 4170 enatos
578 4105 773 4172 novatores
799 4098 940 4189 demas,
974 4095 1189 4171 universalis
1208 4093 1348 4166 traditio

154 4194 369 4285 conspirant.
616 4220 618 4224 ·

150 4317 356 4330 —

185 4363 210 4426 θ)
230 4366 308 4416 1723.
327 4367 369 4416 71.

181 4451 213 4515 b)
232 4452 262 4503 P.
281 4452 300 4502 1.
319 4456 350 4502 tt.
368 4453 393 4504 3.
415 4453 457 4504 10.
474 4453 514 4505 1³.

204 4519 249 4594 ΙΙ.
