3144 4860
230 239 303 313 100

229 405 348 500 „beati
364 404 461 478 Petri
477 397 638 477 lanceam
657 421 953 496 coronamque
970 399 1201 476 transmisit.“
1235 401 1329 475 Dein
1346 401 1429 476 ior-

157 534 162 540 ·
226 531 282 580 ma
314 503 548 597 coronarum,
577 527 667 601 quae
707 504 749 578 ab
782 514 904 576 nostra
941 502 1112 578 hodierna
1140 505 1365 602 discrepans,
1392 508 1430 578 in

227 609 389 682 divorum
405 611 543 703 Regum
561 609 721 701 sigillis,
750 607 919 701 picturis,
948 611 1061 680 numis
1091 607 1276 680 observari
1295 616 1427 703 potest.

224 711 297 785 Sed
324 722 486 784 neutrum
503 713 621 804 magni
640 707 822 806 ponderis.
851 707 976 803 Neque
1008 713 1101 780 enim
1119 709 1305 799 Pontifex,
1334 730 1430 802 quo-

225 834 304 883 cum
322 818 551 908 caeteroquin
568 814 787 886 vetustiores
801 806 1002 906 Scriptores
1024 810 1258 904 Siegebcrtus
1288 811 1335 900 ⁸),
1355 811 1431 881 Ar-

226 913 377 1008 nulphus
407 914 463 1004 b),
491 913 697 986 lambortus
728 914 786 1003 ⁰),
816 921 851 983 et
879 912 1068 984 Albericus
1098 910 1133 1003 ἃ)
1172 951 1224 964 -
1260 921 1428 1006 praeter-

224 1019 334 1087 missa
363 1015 570 1088 diadematis
598 1018 778 1086 mentione
805 1051 857 1066 --
874 1016 911 1085 in
927 1013 1054 1086 lancea
1079 1013 1317 1087 tantummodo
1338 1035 1430 1085 oon-

223 1119 393 1206 veniunt,
424 1117 501 1187 eam
528 1121 660 1212 ipsam,
689 1138 757 1209 qua
792 1112 827 1188 S.
857 1114 1057 1210 Stephanus
1086 1119 1314 1209 inauguratus
1349 1114 1429 1204 fuit,
1472 1114 1480 1128 ‘

222 1239 353 1291 verum
372 1223 541 1311 generice
573 1219 724 1314 aliquam
742 1239 934 1306 coronam,
961 1218 1046 1293 Sedi
1071 1217 1304 1312 Apostolicae
1324 1215 1428 1287 obla-

225 1330 315 1408 tam,
337 1323 480 1408 asserit,
501 1331 537 1392 et
555 1324 619 1392 vix
637 1323 704 1391 ista
722 1318 784 1389 vel
804 1318 957 1391 submitti
975 1319 1121 1391 Romam
1132 1324 1258 1413 potuit,
1278 1329 1429 1413 postea-

227 1440 355 1515 quam,
383 1429 422 1490 ut
454 1418 656 1492 Chronicon
685 1424 836 1514 patrium
853 1420 965 1493 ¹tradit
994 1423 1047 1512 ‘):
1084 1421 1280 1512 „Henricus
1308 1441 1430 1490 moxa

225 1526 346 1614 „victo
388 1521 467 1592 Aba
493 1523 633 1593 Petrum
665 1522 779 1612 regali
809 1519 972 1592 Coronae
1002 1523 1161 1615 plenarie
1189 1525 1365 1608 restituit,
1395 1530 1431 1591 et

230 1627 367 1714 „sacris
396 1626 559 1712 insigniis
588 1622 624 1694 S.
644 1620 755 1709 Regis
780 1617 950 1712 Stephani
967 1642 1066 1690 more
1090 1624 1192 1712 regio
1212 1620 1428 1710 decoratum,

232 1723 425 1817 „regaliter
454 1721 584 1794 sedere
613 1719 738 1790 iecit.“
767 1718 936 1811 Alioquin
965 1721 1116 1813 spolium
1135 1722 1247 1792 simile
1267 1721 1309 1791 ab
1328 1720 1429 1793 Hen-

227 1831 304 1897 rico
333 1823 607 1895 reconciliatore
632 1827 894 1914 perpetratum,
923 1820 1129 1893 incredibile
1159 1843 1307 1917 prorsus
1338 1844 1429 1894 eva-

195 2014 199 2022 .
226 1926 300 2014 dit,
330 1947 399 2018 quo
430 1945 502 1994 non
531 1922 575 1994 ad
592 1919 813 2017 placandos,
840 1942 965 1994 verum
989 1923 1177 1996 irritandos
1205 1922 1327 2019 populi
1346 1924 1428 1995 Pri-

226 2046 346 2097 mores
376 2027 587 2118 pracsertim
611 2023 812 2096 christianis
831 2024 955 2096 ritibus
985 2023 1168 2116 addictos,
1197 2025 1283 2098 nibil
1300 2024 1429 2097 fuisset

229 2131 472 2225 opportunius.
501 2125 656 2198 Fuerant
683 2128 804 2217 utique
822 2124 881 2196 illa
900 2134 1039 2216 aetate,
1068 2139 1104 2199 et
1129 2131 1244 2200 serius
1282 2129 1428 2217 exteris,

136 2305 138 2308 .
228 2235 433 2320 nostrisque
461 2227 680 2322 Principibus
711 2224 928 2299 domesticae
955 2224 1141 2318 Coronae,
1169 2232 1270 2320 regio
1297 2233 1334 2300 in
1354 2228 1429 2301 Ga-

228 2328 482 2424 zophylaoiore
504 2324 734 2416 conditae*],
754 2328 893 2418 qualem
910 2328 1004 2400 forte
1024 2326 1157 2402 Caesar
1176 2333 1318 2424 pietatis
1339 2350 1426 2421 ergo
1517 2360 1520 2365 ·

224 2430 387 2503 Pontifici
408 2430 584 2502 obtulerit.
605 2432 659 2502 De
677 2430 839 2524 typariis,
851 2433 1013 2524 picturis,
1033 2435 1251 2525 numinisque
1270 2430 1305 2501 id
1324 2453 1428 2501 unum

224 2535 428 2605 meminisse
448 2533 645 2621 suffecerit,
666 2530 809 2604 variare
827 2533 864 2601 in
882 2529 936 2603 his
954 2533 1142 2623 imaginem
1163 2530 1327 2632 Coronae
1347 2541 1429 2603 tunc

226 2639 350 2726 etiam,
380 2655 484 2727 quum
502 2643 693 2706 nostra-
712 2632 799 2705 citra
830 2654 968 2706 omnem
997 2632 1248 2708 dubitationem
1265 2672 1317 2686 -
1336 2631 1429 2704 domi

226 2735 360 2809 aderat.

267 2879 308 2963 i)
331 2877 542 2944 Douresticam
567 2879 725 2945 coronam
748 2880 834 2946 illam
858 2881 973 2961 dicunt,
998 2902 1057 2964 qua
1078 2881 1180 2964 Reges
1203 2875 1288 2956 olim,
1306 2881 1428 2962 quando

309 2972 487 3029 exterorum
510 2966 647 3048 Legatos
673 2969 885 3047 admittebant,
908 2968 958 3030 vel
980 2971 1054 3031 dum
1079 2967 1236 3043 Comitiis,
1258 2967 1429 3033 tribunali·
1497 3038 1499 3042 ,

310 3051 429 3132 busque
465 3063 667 3132 praeessent,
701 3062 754 3116 ant
788 3055 867 3116 alias
901 3054 1045 3117 solennes
1087 3055 1119 3115 in
1148 3053 1229 3115 solio
1253 3052 1429 3120 fonctiones

312 3138 457 3215 obibant,
492 3155 570 3200 usos
592 3139 695 3202 luisse
717 3138 812 3222 vulgo
834 3149 972 3219 constat,
1005 3148 1035 3203 et
1056 3140 1149 3202 bodie
1172 3140 1282 3216 ctiam,
1304 3143 1430 3206 tametsi

308 3221 503 3306 jamnerius
535 3225 567 3283 id
598 3225 773 3306 contingat,
807 3226 961 3289 interdum
991 3234 1095 3288 tamen
1116 3225 1163 3288 uti
1186 3235 1428 3301 consueverunt;

311 3309 475 3370 diversam·
492 3308 625 3387 proinde
648 3309 686 3371 ab
710 3330 756 3386 aa,
780 3329 857 3391 quae
881 3329 1004 3393 semper
1031 3310 1267 3393 inaugurationi
1288 3319 1428 3372 tantum-

309 3393 402 3454 modo
427 3393 644 3474 deserviebat,
667 3395 799 3475 indeque
821 3397 946 3480 Regni
968 3397 1158 3460 Diadema
1180 3395 1428 3474 compellata

309 3486 381 3541 est.
416 3478 463 3542 De
494 3487 712 3544 extraneorum
745 3481 881 3546 Coronis
912 3485 1092 3547 domesticis
1126 3480 1171 3544 nil
1203 3479 1286 3541 ultra
1319 3481 1429 3543 attinet
1458 3500 1462 3506 ·

309 3565 475 3628 disserere.
508 3565 673 3630 Nostrates
703 3567 781 3631 tales
811 3568 959 3633 habuisse
991 3569 1128 3632 ostendit
1157 3564 1312 3626 Samuelis
1342 3566 1428 3628 Abae

312 3651 496 3731 exemplum,
521 3653 588 3731 qui
618 3653 855 3718 Morisseua
879 3654 991 3736 (bodie
1015 3649 1247 3730 Gennadinum)
1270 3651 1427 3714 insede

183 3820 186 3828 Ι
310 3735 432 3798 Festo
455 3737 678 3801 Pascbatis
709 3759 895 3803 coronam
925 3739 1057 3820 capite
1080 3735 1330 3820 gestarius),
1353 3737 1427 3801 item

227 3837 446 3865 ...u—³
1322 3839 1327 3844 '

251 3893 277 3957 Ι)
296 3890 388 3957 Siegb.
405 3890 617 3944 Gemblaconsis
637 3895 716 3948 Sacc.
730 3899 776 3950 Xl.
789 3896 891 3962 Script.
904 3896 975 3962 apud
996 3896 1096 3947 Pistor.
1107 3894 1176 3948 coll.
1198 3893 1373 3960 Scriptorum
1384 3909 1427 3948 re·

297 3977 357 4013 rum
372 3963 501 4014 German.
520 3964 550 4014 Τ.
564 3965 587 4013 l.
607 3979 630 4027 p.
646 3966 705 4018 333.

248 4029 276 4087 1³)
296 4033 396 4097 script.
414 4033 500 4100 ejusd.
515 4033 624 4086 siccut.
642 4035 751 4086 Medici.
767 4036 793 4088 in
817 4037 919 4088 biurat.
939 4034 1006 4085 (loll.
1028 4031 1127 4099 Script.
1146 4032 1207 4083 ltal.
1226 4034 1257 4086 Τ.
1275 4035 1321 4085 lV.
1339 4049 1364 4100 p.
1381 4034 1426 4086 33.

249 4099 276 4166 ⁰)
293 4103 436 4223 lganqbprti⁸
455 4116 561 4224 &caup5
581 4105 661 4158 Auci.
686 4105 794 4158 Saecul.
812 4106 872 4159 xm.
897 4105 974 4172 apud.
993 4105 1074 4156 Mart
1097 4103 1126 4157 (l.
1149 4103 1264 4158 Dur-and
1283 4105 1352 4158 coit.
1368 4109 1425 4158 vet.
1563 4155 1564 4241 q

321 4187 359 4224 Gi'l
392 4211 398 4223 ·
438 4210 443 4222 ·
484 4211 489 4223 ·
523 4215 528 4226 .
560 4210 566 4226 ·
791 4219 793 4222 -

251 4236 276 4298 ι)
297 4187 403 4299 838οῗ11,
419 4239 489 4295 Xlil.
503 4188 551 4308 ¹bp.
565 4243 700 4298 Lcibulcc.
716 4246 742 4296 ln
759 4248 875 4300 Accam.
892 4245 965 4298 Eiet.

238 4309 275 4370 ι’)
294 4314 430 4366 Tburocn.
449 4313 549 4366 chron.
565 4316 594 4364 Ρ.
612 4315 645 4367 ll.
663 4316 692 4368 G.
708 4317 751 4368 37.

190 4371 193 4376 “
251 4376 275 4447 s)
293 4383 363 4435 Acta
381 4386 410 4438 S.
427 4383 458 4436 8.
473 4398 515 4452 ap.
535 4385 660 4438 Bolland.
678 4387 713 4440 ad
725 4387 768 4442 85.
784 4384 918 4452 septus.
935 4381 1019 4440 xvn.
