3094 4868
1107 291 1109 300 ι
1243 237 1319 321 201'

119 415 370 509 consequitur:
399 404 567 489 universa
593 414 682 487 haee
710 411 893 507 Collegia,
933 418 1038 510 atque
1064 413 1225 491 Instituta
1253 419 1316 490 vi-

122 523 241 592 cissim
260 517 304 587 ad
322 518 616 606 lniormationes,
638 537 730 610 ¹quas
758 517 913 608 dirigens
932 518 1026 589 istud
1058 518 1317 593 desideraverit

121 622 377 709 Dicasterium,
404 618 626 706 reddendas,
640 628 758 740 'atque
777 619 1042 707 ordinationes,
1062 639 1149 714 quas
1169 619 1317 709 dederit,

121 723 261 794 effectui
279 723 527 816 mancipandas
557 723 697 792 omnino
718 713 913 812 obstringi,
950 719 1057 814 legali
1086 720 1319 794 comitatuum

121 833 338 919 systemata,
366 824 460 918 quod
477 823 625 898 inferius
653 822 878 917 dispiciatur,
905 821 959 894 his
988 822 1037 896 nil
1057 823 1314 954 officientibus,
1419 873 1427 886 ·

119 927 245 1000 illaeso
264 935 503 1024 permanente.

637 1127 673 1219 ὃ.
703 1129 789 1205 666.
832 1139 837 1144 ’
957 1155 961 1164 ’

490 1265 494 1272 ’
544 1277 693 1370 Apenas
712 1293 894 1371 potestas.

221 1431 450 1503 Activitatem
468 1429 548 1502 hinc
565 1426 820 1523 profluentem,
857 1428 995 1523 legibus
1022 1430 1138 1525 Regni
1156 1397 1326 1524 genera-⁴

121 1536 181 1604 tim
200 1531 410 1631 definitam,
437 1531 655 1621 luculenter,
684 1542 790 1627 atquc
817 1533 994 1628 explicato
1022 1533 1190 1606 describit
1215 1555 1317 1605 cum-

120 1637 241 1730 primis
259 1633 448 1707 lnstructio
466 1636 717 1731 Imperatoris,
746 1645 782 1706 et
800 1633 910 1727 Regis
928 1633 1109 1708 Francisci
1126 1635 1153 1708 1.
1186 1635 1231 1724 ⁸).
1261 1633 1318 1706 Ex

121 1735 187 1808 hac
205 1735 321 1810 disces
339 1742 375 1810 in
394 1741 535 1833 speeie,
564 1759 650 1832 quas
676 1741 713 1808 in
741 1739 837 1810 civili
854 1739 1049 1832 regimine,
1078 1747 1114 1810 et
1141 1735 1265 1834 quibus
1283 1740 1321 1808 10

121 1841 275 1930 nogotiis
302 1849 422 1932 partes
454 1839 633 1910 obeundas
662 1837 845 1927 habuerit,
873 1861 963 1931 quae
990 1838 1188 1925 Praesidis,
1229 1859 1319 1930 quae

123 1937 411 2010 consiliariorum
439 1938 547 2028 Jura,
574 1962 616 2009 ac
651 1943 789 2026 munia,
825 1960 915 2031 quae
954 1939 1069 2011 officia
1098 1949 1320 2011 caeterorum

121 2039 405 2127 lndividuorum3
434 2050 469 2112 01
488 2043 565 2132 quis
585 2040 720 2111 demum
741 2039 1001 2111 tractandorum
1018 2042 1055 2111 in
1074 2037 1230 2114 Consilio
1249 2061 1319 2111 no-

121 2147 297 2236 gotiorum
324 2141 459 2213 modus.
488 2138 574 2231 Cui,
603 2145 633 2215 si
662 2144 819 2235 excipias
849 2137 1113 2230 Cancellariae,
1148 2140 1319 2214 Gamerae

121 2245 279 2336 Regiae,
307 2243 422 2337 Regni
459 2242 625 2334 Judiciis,
659 2241 897 2316 Praefecturis
925 2243 1131 2318 militaribus
1160 2246 1316 2339 propria,

121 2346 337 2440 reliquorum
356 2348 508 2418 omniurn
523 2346 677 2420 civilium
693 2345 912 2435 objectorum
924 2345 990 2418 vel
1002 2345 1199 2420 immediata
1218 2367 1315 2437 cura,

123 2449 358 2542 effectusque,
393 2448 454 2523 vel
481 2452 643 2542 superior
678 2448 879 2544 lnspectio,
916 2457 952 2520 et
980 2447 1126 2522 directio
1164 2469 1318 2522 concre

124 2549 194 2624 dita
213 2558 299 2622 erat.

647 2755 683 2841 §.
712 2755 796 2828 667.

566 2905 702 2998 Ampio
729 2903 885 2998 quidem.

227 3047 420 3147 Sphaeram
450 3050 598 3147 proinde
628 3050 844 3143 agendorum
877 3046 1025 3124 Consilii
1053 3050 1319 3126 Locumteuon-

124 3153 230 3242 tialis,
258 3163 295 3224 ut
314 3177 391 3225 earn
409 3158 445 3226 in
462 3175 552 3224 nuce
572 3153 766 3244 designem,
794 3151 931 3223 iuerat:
958 3151 984 3222 Ι.
1005 3149 1077 3224 Res
1107 3153 1321 3245 Tributaria,

126 3266 162 3326 et
192 3254 236 3325 oh
275 3278 377 3348 quarn
413 3257 482 3327 ista
508 3254 709 3326 introducta
741 3263 819 3343 est,
856 3254 1006 3326 -rnilitiae
1034 3257 1252 3342 intertentio,
1279 3279 1321 3328 ac

127 3358 324 3431 dislocatio.
342 3356 385 3427 ll.
405 3357 489 3428 Jura
507 3357 678 3450 Principis
698 3358 792 3426 circa
810 3376 926 3444 sacra,
948 3366 986 3428 ct
1003 3359 1121 3430 varias
1140 3360 1176 3429 10
1194 3357 1320 3449 Regno

125 3459 344 3550 Religiones.
372 3457 432 3528 Ill.
460 3457 652 3546 Educatio,
681 3467 785 3550 atque
814 3457 1015 3547 Institutio,
1054 3459 1204 3552 huicque
1230 3482 1322 3532 con-
1370 3459 1374 3475 '

126 3580 306 3633 nexores
335 3558 517 3631 litteraria.
566 3558 626 3628 IV.
658 3557 830 3652 Suprema
868 3562 1068 3652 quarumvis
1105 3559 1322 3654 publicarum

127 3661 395 3748 Fundationum,
423 3661 685 3748 lustitutorum,
712 3659 913 3730 Fundanum
930 3663 1014 3730 item
1032 3660 1322 3733 fundationalium

128 3764 289 3836 directio.
317 3762 362 3834 V.
393 3758 487 3833 Cura
516 3782 660 3850 eorum,
688 3783 780 3855 quae
809 3761 853 3830 ad
880 3763 1087 3850 sanitatem,
1127 3760 1322 3834 consuram

128 3863 331 3952 Librorum,
369 3885 411 3933 ac
439 3861 596 3956 politiam
623 3862 794 3957 reliquam
826 3861 1040 3934 referuntur.
1083 3863 1143 3935 Vl.
1174 3864 1323 3954 Objeeta

130 3963 327 4054 Comercii,
355 3974 391 4036 et
419 3964 658 4038 oeconomiae
687 3963 873 4059 publicae,
907 3985 976 4057 quo
1005 3964 1179 4056 regulatio
1204 3965 1323 4037 110101-
1412 3988 1417 3998 ·

129 4087 233 4152 num,
261 4064 455 4153 canalium,
483 4068 655 4159 riparum,
682 4068 888 4160 viarumque
917 4075 1134 4155 structurae,
1173 4067 1320 4156 telonia,

129 4165 330 4260 nundinae,
355 4175 390 4235 et
415 4164 582 4239 silvarum
609 4167 767 4240 custodia
797 4177 1043 4240 accensentur.
1063 4166 1141 4242 Vll.
1168 4167 1236 4242 Rei
1253 4176 1323 4242 tam

123 4339 340 4354 —nn—

159 4406 185 4470 ⁸)
204 4409 276 4461 Data
292 4408 372 4461 Anno
390 4406 467 4464 1801.
485 4409 528 4463 dio
547 4407 589 4464 ³1.
609 4408 781 4464 Decembris.
809 4449 813 4456 .
