3094 4868
624 367 830 460 ,δζ639ι

477 506 516 530 ⁷
576 523 925 624 Eat-monarchiae.
1034 543 1037 552 ’

249 674 306 744 ·At
333 667 595 741 monarchicom¹
619 660 759 764 quidem
800 691 882 743 esse
910 669 1052 766 Imperii
1079 670 1248 761 formam,
1287 693 1353 744 seu

157 775 250 873 quod
276 773 370 846 idem
399 781 473 843 est:
504 772 735 864 lllajestatem
773 774 914 845 civilem
941 776 1094 862 nemini,
1132 787 1234 867 quam
1261 774 1354 868 Regi

155 889 289 952 tantum
318 884 544 972 competere,
574 872 620 946 ex
644 877 709 964 iis,
739 897 828 971 quae
858 877 1023 946 continua
1053 878 1147 947 serie
1177 877 1352 969 explicata

157 980 327 1068 dedimus
349 982 436 1051 satis
455 977 614 1072 adparet..
631 977 750 1048 Talem
771 987 887 1049 autem
906 975 1019 1048 luisse
1037 977 1129 1072 pene
1150 976 1355 1050 ab'exordio

158 1083 273 1156 civilis
301 1084 465 1167 unioniS‚
501 1101 585 1150 mox
612 1069 738 1174 postea
769 1091 888 1168 certe,
927 1101 1028 1173 quam
1057 1078 1213 1168 Maj0res
1242 1084 1355 1153 nostri

155 1187 290 1258 Ducem
309 1183 375 1256 sibi
393 1203 498 1256 unum
516 1182 783 1276 praefecerant,
813 1192 848 1253 et
875 1181 916 1252 ab
944 1182 1135 1276 Anonpmo
1162 1184 1353 1255 memoriae

155 1287 331 1384 proditum
360 1287 543 1372 nevimus,
579 1287 723 1355 minime
764 1284 994 1356 dissentiente
1023 1282 1355 1377 Porphyrogenit03

49 1411 52 1414 “
158 1393 192 1462 et
212 1397 327 1476 antea.
352 1389 424 1478 jam
453 1385 525 1456 Leo
546 1390 688 1480 sapiens
717 1390 909 1481 scripserat
937 1387 991 1476 ··):
1022 1384 1213 1457 Gentem
1242 1384 1356 1460 bune-
1453 1443 1454 1446 ,

157 1515 305 1586 garam
339 1486 606 1582 ingenuam,
646 1513 698 1560 ac
733 1489 938 1560 liberam
973 1491 1115 1559 unius
1150 1485 1356 1580 Imperio

156 1599 274 1687 regi.
311 1593 422 1664 Unius
451 1589 591 1686 inquam
623 1592 725 1686 apud·
739 1587 936 1689 ilungaros
957 1590 1143 1684 Imperium
1173 1589 1378 1662 confirmat

155 1695 311 1768 Historia
330 1697 478 1782 Ducum,
500 1695 559 1786 qui
576 1703 658 1786 post
676 1693 864 1789 Arpadum.
874 1701 1129 1787 regnaverunt,
1156 1701 1227 1763 tam
1246 1715 1356 1789 aper·-
1428 1769 1434 1780 ,

154 1803 201 1870 tis
229 1797 462 1882 testimoniis,
499 1807 538 1866 ut
565 1817 654 1868 vere
685 1795 884 1891 Stephanus
923 1795 1064 1868 adserta
1093 1793 1159 1866 sibi
1188 1795 1220 1864 di
1247 1799 1355 1867 nitate

156 1903 279 1992 regi-a,
308 1899 469 1988 Regnum
496 1917 599 1967 'suum
634 1898 970 1985 Monarchiam3
1009 1896 1179 1991 Populum
1241 1907 1356 1968 entem

159 2022 275 2072 suae
319 1997 632 2068 Monarchiae
679 1996 1032 2092 compellaverit-¹³);
1076 2018 1253 2091 nemoque
1289 1999 1359 2068 erit

154 2123 276 2173 rerum
295 2108 495 2172 nostrarum
513 2099 610 2171 rudis
629 2100 742 2189 adeo,
772 2100 831 2193 qui
857 2099 1096 2173 Monarchiam
1114 2099 1204 2170 banc
1223 2099 1266 2172 ad
1285 2121 1356 2172 no-

158 2213 233 2278 stra
252 2213 411 2301 tempora
429 2205 669 2300 permansisse
688 2206 870 2297 ignoret.¹
1034 2221 1037 2226 ·
1225 2229 1229 2238 ²

608 2545 610 2550 Ι
678 2435 716 2523 ὃ.
744 2435 827 2507 640.

417 2587 551 2677 Neque
578 2560 697 2656 mansu
724 2587 933 2677 Repa'ma‘m‘r
955 2578 1098 2678 formo.
1184 2605 1187 2622 ²

262 2732 353 2805 Pura
381 2742 497 2804 tamen
526 2736 589 2821 sit,
619 2755 664 2815 an
691 2735 799 2806 mixta
825 2735 1007 2827 regiminis
1036 2731 1148 2805 forma
1171 2729 1359 2804 dubitatum

161 2836 335 2912 interdum
354 2835 429 2917 fuit.
459 2835 679 2912 Hermannus
699 2835 910 2934 Conringius
942 2838 969 2934 ‘)
989 2859 1112 2932 puram
1132 2837 1215 2922 olim
1233 2834 1358 2926 luisse,

51 3016 54 3020 ,
163 2949 198 3010 et
218 2939 406 3011 dominatui
426 2939 574 3010 similem
600 2938 644 3010 ad
661 2939 827 3011 Andreae
847 2939 889 3010 ll.
911 2940 1020 3034 Regis
1049 2951 1209 3038 tempora
1230 2944 1360 3012 existi-

161 3043 291 3129 mavit3
312 3039 436 3111 abinde
455 3062 545 3115 vero
562 3079 614 3090 -—
633 3040 721 3112 datis
741 3039 922 3115 Nobilitati
942 3045 1144 3136 conspicuis
1161 3044 1359 3136 privilegiis

162 3182 212 3194 -
231 3150 544 3238 temperamentum
563 3163 610 3212 ex
627 3142 885 3226 Aristocratico
902 3164 1036 3236 genere
1050 3143 1237 3215 admixtum
1252 3165 1361 3215 acce-

162 3249 259 3342 pisse
279 3243 370 3317 haud
389 3242 539 3315 obscure
560 3247 735 3339 supponit.
757 3243 859 3331 Quod
877 3252 1188 3340 temperamentum
1200 3245 1358 3318 loannes

165 3347 314 3421 Gravius
334 3367 410 3417 cum
428 3344 612 3419 Lechnaro
644 3342 691 3437 ¹¹),
721 3355 756 3416 ct
773 3346 890 3442 leupo
924 3348 977 3436 θ),
1004 3349 1052 3419 ita
1072 3334 1160 3419 'sunt
1176 3350 1358 3444 interpre-

164 3452 249 3539 tati,
277 3458 314 3522 ut
349 3445 497 3518 formam
522 3447 638 3542 Regni
665 3449 891 3522 monarcbieo
911 3452 1227 3522 -aristocraticam
1254 3451 1358 3522 claris
1414 3455 1415 3458 ’

116 3605 117 3608 =
163 3551 284 3628 verbis
305 3552 544 3626 enunciarent.
573 3551 740 3626 Vicissim
768 3551 919 3624 michael
945 3553 1149 3627 Pancratius
1171 3550 1219 3644 s),
1246 3551 1361 3632 Joan-
1391 3548 1394 3554 ’

164 3676 228 3728 nes
247 3653 387 3727 Ferdiu.
415 3651 567 3725 Behamb
600 3647 650 3755 Β),
679 3664 783 3752 atque
801 3653 998 3728 ‘doctissimi
1025 3676 1143 3744 rerum
1162 3663 1361 3728 nostrarum

159 3801 373 3817 ᾖ

194 3870 219 3926 ⁰)
240 3873 341 3927 naaria.
357 3872 387 3926 c.
401 3873 501 3926 xvnr.
516 3851 595 3926 cans.
608 3869 705 3926 notia·
718 3875 744 3926 n
761 3877 873 3930 amoen.
893 3875 924 3928 ν.
943 3877 964 3928 ι.
981 3890 1006 3942 p.
1023 3877 1066 3927 aa.

148 3969 149 3972 ¹
194 3955 221 4018 a)
241 3958 269 4008 n.
282 3959 303 4008 1.
320 3959 348 4008 c.
364 3961 397 4010 n.
416 3961 443 4016 n,
459 3961 490 4012 u.
508 3960 537 4010 o.
555 3960 655 4013 xvru.

196 4043 219 4103 c)
239 4045 377 4112 Conringil
394 4063 506 4114 operum
523 4049 641 4100 omnium
659 4051 689 4102 Τ.
703 4049 749 4101 lV.
765 4065 790 4115 p.
807 4047 868 4101 345.

196 4125 224 4192 d)
243 4131 271 4181 ln
285 4133 353 4183 faeie
370 4137 428 4186 Jur.
445 4136 520 4189 Publ.
535 4137 624 4200 Hung.
642 4137 670 4187 (l.
689 4139 723 4190 ll.
737 4135 758 4200 ἕ.
776 4139 798 4186 t.

197 4213 223 4276 ε)
242 4218 270 4266 ln
283 4220 391 4273 observ.
407 4226 439 4274 ad
457 4225 627 4276 Leelrnerum
642 4227 674 4275 ad
694 4225 723 4275 Ο.
737 4226 769 4276 ll.
788 4222 810 4288 d.
827 4227 850 4277 5.
863 4225 923 4275 nor.
941 4226 959 4274 l.

162 4351 165 4362 Δ
192 4300 226 4366 f)
244 4305 273 4356 lu
292 4308 383 4363 Tract.
401 4314 453 4375 pol.
469 4313 540 4362 illut.
555 4313 614 4363 Jur.
634 4314 701 4377 Reg.
718 4314 807 4376 flung.
821 4313 882 4364 See.
900 4313 932 4364 ll.
947 4309 969 4376 d.
986 4312 1027 4365 82.
1047 4313 1147 4376 etseq.

138 4419 139 4422 ¹
197 4387 223 4453 o)
240 4394 269 4448 ln
284 4393 392 4453 observ.
412 4399 444 4450 ad
460 4399 599 4464 Berueger
615 4413 640 4464 p.
662 4399 721 4452 172.
736 4403 834 4466 etseq.
