3122 4852
1144 248 1146 253 ’
1271 221 1341 294 143

230 379 355 462 eastris,
377 381 536 465 euriiaqae
558 380 772 448 custodiendis
788 380 1013 466 adplicuerunt.
1036 384 1173 452 Litterae
1190 387 1343 470 equidem,

228 471 340 551 quibus
364 469 610 534 elibertationem
628 470 817 546 obtinebant,
840 490 945 534 omnes
969 474 1127 556 stringunt
1149 477 1187 537 ad
1205 476 1342 538 officium

230 556 357 636 vigilias
381 557 512 639 agendi,
542 565 635 638 utque
665 557 842 633 domiuum,
881 560 918 619 ad
943 558 1056 621 bellum
1085 560 1344 642 proficiscentem,

227 642 338 703 armati
369 643 573 720 comitentur3
607 642 732 705 additur
764 649 925 722 praeterea
956 645 1137 727 plerumque
1168 646 1343 710 litterarum

227 728 422 806 deportatio,
456 729 577 809 aliaque
607 727 780 790 levidensia
811 729 952 796 servitia.
985 731 1092 813 ltaque
1123 732 1197 795 boec
1221 751 1341 814 quoque

228 813 386 876 bominum
410 815 524 878 elassis
546 814 803 879 exereituaotium
827 833 936 896 agmen
959 837 1021 882 non
1038 821 1260 882 contemnendo
1277 839 1341 882 nu-

228 919 312 962 mero
335 901 485 982 augebat,
515 909 649 982 quantus
672 920 746 962 vero
771 919 840 962 esse
862 903 989 982 debeat,
1020 904 1119 988 Regni
1142 905 1340 990 congregatio

229 1005 286 1066 pro
308 986 428 1050 ratione
452 986 673 1072 adjunctorum
696 985 812 1049 defixit.
1205 1023 1207 1028 ,

664 1177 700 1264 a.
731 1177 816 1250 aaa.

449 1317 452 1324 ’
568 1347 732 1424 nraeuo·
753 1347 797 1423 a.
821 1347 926 1420 1715.
1020 1355 1023 1372 ·

243 1541 422 1633 Eundem,
457 1564 561 1639 quem
589 1541 769 1632 dedimus,
804 1540 896 1634 legis
925 1539 1159 1635 explicatum,
1188 1541 1338 1638 amplum

142 1643 282 1738 quidem
317 1644 490 1717 interdum
528 1645 776 1740 disceptationi
819 1663 977 1738 eampum
1013 1643 1196 1738 adperuit,
1242 1645 1337 1717 illurn

23 1739 27 1749 ’
140 1755 256 1817 tamen
284 1768 370 1820 usus
399 1758 482 1843 post
522 1746 669 1820 eandem
707 1745 882 1818 conditam
919 1755 1112 1840 perpetuus
1143 1745 1335 1818 confirmat.

140 1847 320 1941 Quotquot
355 1852 447 1920 enim
482 1848 524 1919 ab
561 1872 605 1920 eo
642 1859 801 1944 tempore
838 1848 874 1916 in
909 1849 1190 1940 praesentiarum
1224 1869 1337 1942 usque
1382 1871 1391 1890 ··

139 1947 256 2039 Regni
276 1949 559 2021 insurrectiones
577 1949 693 2020 loeum
711 1947 889 2033 habuere,
918 1947 1031 2016 relate
1051 1940 1095 2016 ad
1113 1945 1273 2038 Nobiles,
1302 1961 1338 2022 et
1388 2026 1390 2030 ,

140 2069 230 2143 quos
250 2048 318 2119 hoo
336 2052 478 2119 nomine
496 2050 598 2142 leges
618 2045 939 2143 comprehendunt,
967 2047 1168 2139 personalis
1191 2058 1336 2142 tantum,
1403 2091 1406 2098 ⁴

139 2148 256 2244 quoad
273 2151 516 2244 privilegiatos
534 2150 753 2245 popularium
773 2148 908 2219 classes
927 2149 1196 2240 proportionata
1214 2152 1337 2223 insur-

139 2255 295 2344 gentium
323 2253 467 2323 militum
496 2255 661 2341 statutio,
699 2247 930 2324 Praedialium
970 2250 1053 2318 item
1083 2247 1127 2318 ad
1154 2249 1335 2324 Ecclesias

140 2363 220 2426 ectu
249 2355 501 2448 spectantium,
539 2363 575 2424 et
601 2353 856 2426 Banderiorum
887 2348 1049 2421 croatiae
1074 2349 1175 2440 juxta
1202 2375 1336 2425 morem

137 2465 299 2528 veterem
316 2457 556 2531 exercituatio,
576 2479 641 2550 pro
661 2455 768 2549 legali
789 2452 1005 2546 obligatione
1030 2455 1216 2544 recognita
1236 2466 1335 2544 suut;

138 2561 278 2629 tametsi
305 2557 396 2629 ultre
432 2556 522 2628 hano
556 2567 678 2630 nostra
709 2559 835 2644 etiam,
874 2561 1081 2650 patrumque
1118 2563 1234 2645 aetate
1263 2580 1336 2629 non

129 2656 315 2739 xdefuerint
360 2659 672 2752 pulcherrimarum
718 2657 956 2744 oblationum,
1011 2654 1335 2754 sacrificiorumque

137 2759 323 2855 exempla,
352 2759 486 2852 Regis,
515 2770 551 2833 et
570 2761 708 2832 Patriae
738 2758 969 2831 incolumitati
997 2755 1132 2846 dicata,
1162 2781 1251 2854 quae
1269 2771 1351 2856 pro'

135 2863 285 2955 periculi
303 2863 554 2954 magnitudine,
583 2865 774 2935 universae
793 2857 1021 2932 Monarchiae
1048 2861 1264 2951 imminente,
1293 2884 1336 2933 ea

138 2971 255 3032 tamen
274 2983 415 3054 semper
433 2985 510 3033 eum
530 2965 666 3036 cautela
685 2965 765 3036 data
784 2962 899 3052 fuere,
925 2983 970 3031 ne
990 2961 1118 3032 exinde
1140 2962 1334 3056 obligatio·
1375 3004 1377 3009 ·

139 3083 220 3134 nem
239 3077 359 3133 secum
378 3061 520 3136 trahens
538 3087 602 3157 pro
622 3065 740 3140 futuro
760 3065 1015 3158 consequentia
1034 3063 1129 3134 neoti
1147 3065 1266 3136 valeat
1288 3066 1333 3156 ²).

601 3261 604 3268 ·
657 3270 693 3354 §-
723 3269 809 3342 oca
909 3237 910 3242 ‘

397 3441 457 3510 De
485 3441 601 3511 Tecto
631 3439 737 3518 Cleri
755 3461 831 3532 pro
853 3439 1065 3534 fortalitiis.

236 3631 315 3704 lam
333 3627 397 3704 sub
416 3628 545 3705 Oarolo
565 3631 607 3721 l.,
626 3632 799 3706 etlllathia
818 3630 974 3707 Corvino
989 3633 1109 3704 Tarae
1129 3632 1332 3726 quaedama

137 3733 237 3808 Statu
256 3734 503 3806 ecclesiastico
515 3733 847 3824 titulodecimarum,
860 3734 903 3806 ad
917 3736 1067 3807 Patriam
1078 3732 1332 3807 defendendam

138 3844 299 3924 exactae,
317 3839 514 3929 iterumque
527 3831 678 3907 abolitae
696 3835 840 3908 fuerunt
867 3835 911 3926 ¹³).
941 3835 1331 3931 Evenitpostea,hostc

13 3941 14 4034 ᾗ
136 3937 403 4030 viseeraRegm
416 3935 619 4025 invadente,
636 3938 880 4009 utveteroilla
899 3938 1138 4008 Praelatorum
1157 3935 1331 4010 Banderia

136 4038 276 4132 penitus
294 4038 551 4128 interciderint,
571 4038 717 4133 solaque
742 4041 911 4110 memoria
939 4047 1180 4134 superessent.
1207 4039 1256 4112 Aa
1273 4037 1332 4112 ubi

145 4213 339 4227 ——-

166 4275 193 4342 ²)
212 4275 290 4333 arec.
307 4278 351 4333 oa.
367 4301 404 4314 -
421 4278 499 4332 areo.
516 4282 543 4335 a.
561 4310 595 4321 -
616 4281 692 4336 asoa.
708 4283 733 4336 1.
752 4286 780 4334 ee
796 4281 822 4334 a.
841 4307 875 4322 -
894 4278 971 4338 taos.
989 4279 1016 4334 a.
1031 4282 1059 4330 er
1071 4277 1095 4328 a.
1116 4314 1118 4318 ,

164 4366 192 4429 ι»)
212 4365 290 4422 aare.
308 4364 352 4438 ne.
369 4393 405 4406 -
425 4361 502 4420 aare.
519 4364 565 4422 aa.
