3094 4868
213 261 283 348 lsi

214 443 314 516 uibus
331 431 442 535 Regis
462 440 630 531 existere,
657 449 693 510 et
712 427 1048 510 administrationem
1075 438 1278 512 universam
1303 457 1422 509 asu-

211 567 330 641 prema
349 543 516 634 Ejusdem
537 545 725 616 executiva
744 551 922 636 potestate
939 541 1138 635 procedere
1156 544 1193 614 in
1213 542 1421 613 continenti

210 648 449 744 dispeximus,
487 649 631 738 negotia
667 644 891 739 politica,
932 643 1155 735 juridica,
1200 665 1418 717 oecono-

212 756 343 838 mica,
371 771 435 820 seu
465 747 725 835 cameralia,
761 767 851 840 quae
870 744 1045 818 vocabulo
1065 749 1232 820 tralatitio
1252 745 1416 818 linan-

214 853 358 934 tialiav
379 851 519 939 dicunt,
557 859 593 920 et
618 850 856 921 militaria
883 847 1012 920 ambitu
1050 869 1114 921 suo
1150 848 1410 945 complectitur.

211 955 369 1040 Quatuor
394 952 449 1024 his
477 951 727 1049 principalibus
750 949 915 1023 diversae
940 943 1171 1044 ‘cathegorias
1189 951 1345 1047 partibus
1366 950 1414 1022 ad

212 1056 335 1128 eadem
368 1059 438 1127 rite
475 1053 689 1126 moderanda
724 1053 871 1125 totidem
913 1051 1132 1146 publicorum
1166 1053 1413 1127 Institutorum

214 1158 350 1244 classes
367 1155 595 1251 respondent.
625 1155 724 1242 Quae
742 1155 938 1226 communia
978 1166 1059 1230 sunt
1084 1157 1195 1249 vulgo
1224 1155 1410 1244 centralis,

211 1271 315 1355 atque
341 1263 548 1354 superiora3
595 1278 763 1351 quorsum
793 1278 920 1352 nempe
959 1259 1096 1352 agenda
1133 1262 1412 1353 uuiuscujusque

212 1362 359 1434 orbitam
388 1362 616 1455 respicientia
633 1361 734 1452 velut
755 1360 799 1433 ad
817 1361 991 1449 altiorem,
1020 1371 1056 1432 et
1074 1361 1228 1433 ultimam
1245 1360 1412 1455 -quod

211 1467 307 1554 ajunt
324 1502 376 1514 -
392 1467 594 1535 instantiam
612 1461 813 1550 confluunt3
840 1461 901 1535 vel
919 1464 1088 1555 specialia
1106 1463 1287 1537 inferioris
1306 1462 1411 1534 ordi-

210 1563 277 1639 nis.
306 1563 490 1638 Cernimus
516 1589 608 1638 uunc
636 1569 804 1655 tamisia,
832 1587 934 1659 quam
951 1566 1010 1639 illa
1036 1565 1174 1660 legibus
1203 1568 1409 1639 novissimis

210 1690 301 1762 pene
320 1670 513 1740 universim
532 1668 694 1758 sublata,
722 1678 778 1741 ast
795 1689 840 1738 ne
858 1668 941 1757 tela,
970 1690 1072 1763 quarn
1101 1667 1270 1742 historica
1293 1666 1410 1739 liber-

211 1779 283 1841 tate
313 1779 505 1863 pertexere
534 1769 691 1859 intendo,
735 1769 969 1864 incompletus
995 1769 1096 1842 labor
1126 1771 1267 1860 evadat,
1293 1773 1408 1866 primo

211 1893 232 1941 a
252 1873 424 1966 supremis
442 1871 558 1965 Regni
585 1870 830 1944 Tribunalibus
850 1871 1033 1962 ordiendo,
1044 1885 1170 1968 postea
1190 1875 1410 1965 singulorum

210 1973 357 2067 reliqua,
386 1974 479 2067 quali
495 1973 598 2046 modo
619 1975 721 2048 uobis
741 1981 844 2046 autea
874 1971 1112 2065 exstiterunt,
1148 1975 1206 2046 lilo
1238 1973 1331 2045 haud
1348 1977 1410 2044 in-

211 2085 370 2170 terrupto
391 2075 588 2165 exhibeb03
617 2077 741 2171 quibus
769 2096 833 2149 suo
863 2075 987 2147 ordine
1020 2081 1239 2173 compositis,
1266 2079 1410 2149 veteri-

211 2177 278 2249 bus
299 2178 497 2268 substituta,
523 2187 600 2251 utut
618 2200 731 2275 aeque
751 2188 787 2251 et
805 2198 870 2250 suo
890 2177 990 2272 quasi
1009 2201 1087 2250 cum
1107 2189 1199 2270 ortu,
1229 2200 1409 2274 superve-

209 2279 385 2353 nientibus
405 2279 597 2372 disturbiis,
626 2281 808 2369 desierint,
837 2281 960 2375 paucis
982 2286 1157 2376 attingere
1176 2283 1371 2379 praestitui.

728 2525 765 2614 §·
795 2527 882 2602 649.

436 2699 541 2771 Vetas
571 2677 836 2772 cancellariae
861 2702 1006 2791 Repr'ac
1032 2704 1187 2772 r'nz'tr'ona

312 2891 485 2964 Habuisse
505 2891 626 2987 Reges
644 2894 869 2988 Hungariae,
896 2905 934 2966 nt
958 2893 1039 2967 alibi
1064 2896 1270 2990 Principes,
1306 2913 1401 2966 suam

210 3015 229 3062 a
258 2995 378 3088 primis
398 2993 502 3084 hujus
520 2995 711 3088 'dignitatis
739 2999 835 3069 intiis
864 2994 1140 3087 Cancellariam,
1167 2997 1400 3069 Administros

212 3095 348 3169 scilicet
368 3096 412 3168 ad
430 3097 672 3193 expediendas
702 3102 909 3195 scripturas,
938 3097 1157 3173 conficienda
1175 3099 1349 3185 mandata,
1366 3119 1407 3166 ac

208 3197 400 3292 Privilegia
428 3202 464 3271 iu
483 3199 631 3272 formam
657 3200 855 3297 diplomatis
874 3193 1082 3296 redigenda,
1108 3201 1247 3274 indoles
1272 3197 1408 3294 guber-

209 3303 375 3392 nationis,
404 3304 587 3396 omnisque
623 3304 782 3397 epochae
810 3312 1033 3375 monumenta
1064 3304 1263 3377 ostendunt.
1300 3301 1407 3372 Erant

209 3404 267 3471 isti
286 3413 461 3497 utcunque
489 3425 559 3476 uua
579 3405 745 3476 custodes
765 3405 879 3498 Sigilli
896 3407 1000 3499 regii,
1029 3415 1064 3478 et
1080 3427 1145 3501 pro
1176 3405 1280 3476 medii
1297 3426 1405 3499 prae-

208 3505 330 3598 primis
350 3509 431 3579 aevi
451 3527 563 3598 more,
590 3506 836 3603 hominumque
856 3517 927 3579 tum
947 3508 1103 3580 scribere
1125 3507 1325 3581 callentium
1342 3528 1404 3575 ra-

208 3608 325 3695 ritate,
345 3606 532 3702 aliquando
553 3611 739 3682 exclusive
761 3610 1098 3704 Ecclesiastici,·qui
1127 3609 1314 3682 delabente
1340 3605 1410 3678 ad*

209 3705 427 3781 hncSeculo
469 3714 526 3784 12.
560 3710 769 3802 Notarii,
806 3712 1110 3811 Scriptores,
1157 3708 1405 3806 Capellani
1541 3737 1542 3796 i

210 3811 328 3901 etiam,
357 3813 436 3904 quia
463 3833 557 3906 ponc
584 3815 720 3905 regium
754 3813 930 3887 Sacellum
961 3825 1037 3886 acta
1064 3813 1204 3910 publica
1235 3833 1405 3885 asserva-

209 3911 305 4001 lrant,
332 3915 534 4008 promiscue
556 3913 830 4009 adpellahantur.
876 3915 965 3988 Hinc
997 3927 1110 4005 venrt,
1139 3914 1234 4009 quod
1260 3918 1404 3986 istorum

209 4014 437 4108 Praepositus
457 4018 492 4086 in
509 4016 764 4089 vetustioribus
782 4018 1012 4108 Documentis
1044 4040 1115 4089 uon
1141 4037 1282 4111 semper
1311 4013 1405 4087 Can-

212 4117 377 4189 cellarius
397 4127 542 4208 tanturn,
570 4119 663 4211 quod
693 4141 822 4190 nomeu
850 4123 913 4193 vix
941 4123 1057 4212 aliquo
1087 4129 1247 4213 tempore
1279 4115 1406 4188 exula-

169 4287 172 4294 .
208 4213 282 4307 bat,
310 4241 433 4291 verum
451 4218 662 4312 quandoque
681 4219 1152 4315 Archi-capellanus,
1181 4241 1290 4315 saepe
1318 4215 1407 4290 Ma-

211 4323 374 4409 gister,
404 4330 462 4390 aut
491 4319 653 4392 Comes
684 4320 907 4415 Capellae
935 4322 1042 4393 fuerit
1060 4332 1221 4396 vocatus.
1250 4322 1408 4393 Occurrit
1541 4343 1542 4384 t

210 4423 390 4512 posterior
409 4419 531 4495 titulus
549 4425 748 4516 cumprimis
768 4421 832 4495 sub
853 4420 981 4496 Carolo
1003 4422 1192 4516 Roberto,
1226 4434 1262 4496 et
1287 4421 1408 4495 Ludo-
