3146 4864
1351 245 1376 320 t

175 408 318 486 lnrluble
346 405 569 482 aoeeusemla
586 409 753 497 veniunt,
780 406 938 498 Region
954 411 1072 478 mente
1102 403 1236 498 Legum
1264 415 1375 482 uteu-

177 513 256 584 dum
283 518 358 582 est:
385 505 478 580 haud
503 505 748 604 infrequenter
775 524 950 602 responsa
974 504 1147 600 Prinoipis
1165 504 1302 578 reddita
1331 509 1375 582 ad

175 610 450 705 Regnioolarum
467 609 686 703 petitionem,
714 629 821 681 causa
838 604 994 679 violatae
1011 604 1117 697 legis,
1137 615 1375 701 praetensae-

176 735 244 810 que
275 710 506 804 illegalitatis,
524 708 586 780 vel
604 711 707 783 aliam
720 709 764 782 ob
782 709 956 780 rationem
974 708 1231 802 interpositam,
1253 718 1312 782 aut
1323 750 1375 766 --

176 819 208 890 si
229 814 311 887 stilo
332 811 469 885 forensi
486 809 585 905 loqui
601 810 834 886 mavis-ad
851 807 1113 905 postulata,
1130 816 1185 878 et‘
1202 829 1375 900 grava-

175 919 290 990 mina
318 913 435 1006 Regni
453 909 502 982 ibi
531 933 671 1009 quoque
690 913 763 1006 legi
790 934 837 983 ex
857 918 975 980 mutuo
997 928 1175 981 consensu
1204 907 1375 984 ferendae

174 1019 356 1092 materiam
388 1012 672 1104 subministrant,
716 1014 776 1085 ubi
811 1031 916 1085 seous
944 1013 1106 1103 integra,
1143 1011 1377 1107 solutaquea

177 1117 351 1194 Comitiali
370 1134 549 1188 consensu
568 1118 680 1211 Regis
699 1114 827 1187 fuisset
854 1120 1025 1209 potestas.
1053 1111 1184 1206 Magno
1204 1117 1322 1208 itaque
1340 1119 1378 1188 in

179 1242 303 1295 errore
323 1227 537 1307 versantur,
571 1224 630 1315 qni
660 1218 837 1308 objectum
870 1213 1112 1311 qualecunque
1138 1216 1219 1287 ideo
1258 1220 1377 1308 unioe,

181 1328 262 1420 qnia
280 1319 466 1417 aliquando
499 1319 545 1391 ob
570 1319 771 1419 speoiiioam
789 1339 931 1391 oausam
959 1318 1004 1389 ad
1031 1318 1218 1390 diaetalom
1241 1328 1379 1391 tracta-

179 1427 380 1520 tumuerit,
406 1421 568 1517 legisque
588 1427 807 1496 sanationem
831 1422 972 1512 tulerat,
1001 1441 1045 1492 eo
1071 1424 1150 1515 ipso
1179 1423 1272 1494 inter
1293 1421 1379 1492 Jura

181 1531 434 1600 communicata
452 1528 654 1620 promiscue
673 1532 950 1611 connumerant3
976 1531 1081 1617 prout
1098 1526 1232 1616 pariter
1260 1533 1296 1595 et
1315 1523 1379 1615 illi,

181 1633 240 1726 qui
259 1621 422 1725 praecise
444 1651 464 1699 a
487 1630 734 1722 praecatoriis,
763 1626 807 1697 ad
827 1626 975 1720 Regiam
1004 1623 1227 1716 blojostatem
1257 1625 1378 1697 direo-

180 1735 239 1822 tis,
265 1733 357 1826 legis
376 1729 557 1823 eujusdam
575 1731 747 1820 formulis,
772 1728 854 1799 inde
873 1731 1046 1817 meritum,
1074 1725 1147 1799 illie
1170 1747 1377 1819 occurrens,

180 1855 246 1931 pro
274 1843 461 1908 reservato
478 1832 577 1924 lure,
605 1843 642 1906 et
667 1854 763 1903 mera
782 1830 956 1927 Principis
974 1828 1185 1906 liberalitate
1213 1853 1377 1926 pronun-

185 1939 291 2007 oiant.

597 2139 603 2154 ·
651 2125 905 2211 (tannen.

181 2265 240 2352 tte
283 2258 616 2347 Porsoralitus
659 2257 804 2363 Regis
846 2256 1044 2343 turibus.
1101 2259 1160 2344 Ex
1202 2258 1382 2345 rationo

648 2383 912 2492 biguitatis.

711 2537 748 2624 §-
777 2541 863 2613 325.

409 2693 469 2764 De
492 2688 790 2782 ledepeodeatz'o
814 2692 939 2784 nepa,
968 2705 1005 2764 et
1030 2695 1162 2783 Repm'.

285 2839 393 2912 Erant
422 2839 517 2927 olim,
545 2836 645 2926 cujus
675 2837 729 2907 rei
761 2836 883 2933 pauois
909 2839 1112 2910 meminisse
1141 2862 1161 2910 a
1194 2839 1381 2936 proposito

188 2952 311 3016 nostro
333 2941 484 3012 alienum
501 2960 574 3012 non
591 2939 744 3028 videtur,
773 2959 863 3034 quos
882 2943 973 3014 inter
995 2939 1138 3013 Henrioi
1156 2935 1200 3012 11.
1220 2941 1382 3036 Impera-

183 3045 271 3113 toris
299 3040 521 3135 Biographus
552 3041 598 3131 ⁸),
636 3041 824 3114 Goldastus
855 3039 903 3132 ¹’),
931 3043 1056 3114 Petrus
1083 3042 1220 3136 Lndvig
1250 3046 1296 3134 ⁰),
1322 3045 1384 3136 qui

182 3143 395 3234 Hungariam
413 3141 564 3235 lmperio
585 3139 794 3214 Germanico
811 3167 818 3212 :
856 3143 928 3232 alii,
958 3145 1017 3236 qui
1037 3141 1122 3216 seni
1149 3144 1383 3236 Apostolicae

184 3243 399 3316 fiduciariam
425 3240 538 3314 fuisse
568 3252 783 3314 assererent.
811 3243 860 3315 At
890 3253 1070 3337 utramque
1098 3241 1220 3315 harum
1239 3247 1383 3340 opinio-

185 3367 267 3419 num
295 3343 413 3432 dooti,
432 3339 435 3344 ’
457 3341 658 3437 indoctique
693 3367 758 3440 pro
792 3343 931 3420 labellis
966 3345 1102 3440 pridem
1139 3346 1381 3442 exploserunt.

184 3447 388 3534 Enimvero,
417 3443 511 3539 quod
537 3461 623 3537 prae
651 3445 767 3518 multis
786 3448 864 3518 aliis
885 3446 1062 3543 Josepbus
1080 3447 1242 3519 Benonur
1271 3471 1409 3542 egre-¹

185 3553 244 3642 gie
274 3547 422 3620 condam
448 3543 639 3618 illustravit
669 3541 727 3637 dJ,
772 3547 858 3618 nulli
885 3569 1036 3642 unquam
1064 3559 1190 3619 extero
1216 3549 1384 3643 Principi,

184 3650 246 3724 vel
266 3648 370 3725 Genti
397 3646 564 3737 obnoxia,
593 3646 659 3719 seul
676 3667 740 3722 suo
776 3669 853 3718 oum
870 3646 972 3743 Rege
999 3647 1110 3722 libera
1132 3667 1285 3746 semper,
1306 3653 1384 3724 sui-

186 3774 254 3847 que
271 3751 366 3824 Juris
385 3748 450 3822 tuit
470 3748 672 3843 Hungaria;
700 3751 801 3842 eujus
828 3751 964 3824 scilicet
991 3754 1227 3825 autonomiam
1246 3755 1386 3845 summi,

188 3857 247 3948 qui
268 3850 417 3926 eandem
441 3849 703 3946 gubernabant,
744 3863 862 3926 terrae
890 3855 1072 3951 Principes
1105 3859 1384 3951 omnitempore

185 3955 352 4029 illibatam
392 3963 590 4028 servarunt.
636 3953 756 4028 Vere
799 3955 1021 4053 profesto
1059 3967 1143 4032 art.
1182 3961 1238 4033 10.
1271 3959 1379 4032 1791.

217 4125 242 4182 ι)
263 4125 342 4192 Apud
361 4125 500 4180 cantatum
519 4127 553 4181 Τ.
570 4125 596 4180 3.
615 4140 642 4194 p.
662 4127 723 4181 890.

216 4207 493 4275 NJQmmm

218 4294 293 4356 ο)1η
313 4297 461 4352 Germania
478 4300 599 4368 prinaipe
617 4301 647 4355 la.
666 4302 692 4354 1.
713 4299 742 4352 C.
759 4299 786 4352 2.
804 4313 829 4367 p.
848 4295 892 4353 ts.

215 4377 244 4450 l)
261 4382 382 4443 Dionaei.
399 4385 445 4442 oui
461 4385 533 4443 titul.
549 4385 706 4456 „tiruncula
724 4399 836 4456 semper
853 4386 937 4446 libera
955 4384 1054 4454 suique
1071 4383 1177 4441 turta.“
