3158 4864
1160 121 1164 131 ’
1280 169 1353 251 loa

180 336 221 421 ⁴⁵)
242 337 417 404 rmoaoa
441 338 504 404 ieta
518 339 652 405 Decreta
675 349 763 407 aeret
784 343 927 408 linirem
945 343 985 411 11.
1015 342 1146 408 articulo
1166 343 1196 408 8.
1226 340 1278 420 „ei
1291 341 1356 404 Pe-

245 423 386 501 „latiaue
399 424 525 488 interim
542 426 622 490 mele
636 429 903 496 administraverit
921 431 1046 512 negotio
1061 429 1175 510 Regia,
1200 433 1230 490 et
1245 427 1356 509 Regni,

189 543 192 560 ι
245 510 488 591 „supplicabunt
509 513 615 589 nobie,
646 525 693 576 ut
720 515 932 580 utiliorem
962 515 1055 578 loeo
1078 513 1173 597 ejus
1196 513 1356 576 consti·
1452 549 1460 562 ι

245 605 336 672 ‚aaa
348 615 443 672 mus,
465 617 575 677 quern
600 617 647 662 vo
660 599 735 662 lum
747 619 802 675 us,
825 609 855 663 et
868 601 934 664 Nos
949 603 1095 681 precibus
1115 617 1221 662 eorum
1234 617 1356 660 annue-

245 686 368 757 ,‚mus.“
390 680 415 742 ll
436 683 549 761 quibus
565 686 671 746 verbis
687 687 926 749 ambulatorium
944 687 1042 750 luisse
1058 694 1129 748 anie
1142 686 1297 748 Andream
1313 683 1355 746 11.

244 786 357 829 munus
379 769 474 844 istud,
496 767 619 852 Prayus
648 790 767 854 quiaque
790 773 943 834 ariolatur
973 773 1015 853 ⁸).

158 850 218 936 *ἢ
243 853 276 915 ln
307 854 381 916 haec
409 855 519 917 verba:
551 857 639 932 „Nos
663 857 824 921 Emericus
856 859 955 941 Regni
989 858 1171 940 Huugariae
1194 854 1355 919 Palatinus

244 941 431 1015 „memoriae
448 944 707 1018 commendamus,
730 947 810 1024 quod
832 944 902 1024 ipso
926 945 1061 1007 Domino
1084 944 1231 1006 Ladielao
1260 944 1357 1018 lluce,

244 1035 296 1108 „et
319 1026 461 1090 Palatino
476 1047 533 1106 per
549 1027 714 1094 Dominum
738 1040 879 1094 nostrum
899 1031 1013 1112 Regem
1029 1033 1061 1094 in
1073 1030 1253 1094 Dominium
1269 1029 1357 1090 Ruz-

244 1112 332 1186 „ziam
355 1111 534 1189 sublimata,
556 1113 729 1194 ipsoque
753 1117 906 1179 honora
928 1117 1198 1181 Palatiaatue
1221 1114 1357 1195 perile-

243 1197 345 1280 „giam
370 1197 567 1289 Majcslatem
589 1201 679 1264 nobis
694 1202 806 1276 collato
822 1210 877 1276 etc,
908 1201 952 1295 ¹³).

711 1399 719 1418 .
748 1347 834 1422 211.

317 1471 441 1558 Quare
465 1473 550 1544 Lea
577 1346 731 1544 caccabo
756 1472 824 1544 cub
850 1469 1004 1544 ailberto
1034 1469 1196 1542 condeta.

123 1693 126 1700 .
265 1593 471 1694 Exemplum
499 1599 652 1670 omnium
678 1598 825 1691 primum
862 1597 1043 1668 constituti
1069 1616 1134 1691 per
1150 1590 1287 1684 Regem
1313 1609 1360 1661 cx

167 1699 317 1770 consilio
336 1698 494 1773 Statnum
512 1700 682 1787 Palatini,
711 1697 892 1772 Ludcvico
912 1697 938 1770 l.
959 1704 1132 1791 regnante
1150 1698 1187 1767 in
1205 1691 1356 1765 Nicolac

170 1797 211 1869 de
240 1799 359 1874 Siklcs
396 1800 568 1896 praebent
596 1800 700 1893 hujus
719 1803 886 1897 propriae
916 1801 1071 1873 Litterae
1088 1837 1141 1851 —
1159 1795 1360 1869 Tribunalia

172 1902 521 2000 expeditcrias
538 1912 671 1975 vocant
688 1941 739 1956 --
758 1901 985 1997 sequentibus
1018 1904 1071 1993 ⁶):
1102 1897 1230 1992 „mihi‚
1259 1917 1361 1990 quem

170 2002 513 2096 „regiabenignitas
533 2001 949 2089 dePraelatorum‚
977 2012 1023 2074 et
1048 2001 1290 2085 Beronum,
1318 2004 1363 2066 et

169 2103 346 2194 „Regni
372 2105 446 2174 sni
473 2101 711 2174 Nobilium
737 2105 952 2173 unanimi
991 2101 1214 2174 consilio
1243 2098 1361 2169 divina

170 2201 297 2294 „nobis
317 2203 461 2276 favente
482 2206 690 2292 clementia,
719 2204 1190 2298 ipsiusPalatinatus
1217 2197 1362 2269 bono-

168 2326 259 2377 rem
287 2304 615 2378 decreverat.“
643 2303 720 2376 Nec
748 2304 901 2376 futurum
924 2306 998 2394 jam
1028 2322 1235 2400 quemqnam
1263 2308 1363 2394 puto,

168 2410 227 2501 qui
246 2405 311 2478 sibi
330 2417 443 2480 sumat
462 2427 538 2478 cum
559 2406 798 2500 Grossingcro
830 2402 885 2498 ‘¹):
912 2407 1068 2497 lllajmes
1087 2414 1232 2477 nostros
1251 2401 1364 2472 malae

167 2511 204 2579 in
221 2507 359 2602 Regem
387 2507 468 2579 fidei
487 2530 661 2602 arguere,
690 2509 769 2579 dum
786 2512 1030 2605 perantiquam
1056 2506 1145 2578 adeo
1166 2511 1364 2576 consuetu-

172 2608 288 2680 dinem
315 2611 398 2701 lege
424 2609 563 2705 'publica
597 2611 628 2700 ²)
657 2609 698 2681 ab
718 2609 866 2681 Albcrtc
896 2609 1121 2683 corroborari
1140 2625 1365 2703 procurave-

170 2720 261 2781 runt.
290 2708 391 2795 Quod
409 2733 501 2782 nunc
519 2734 567 2784 cx
584 2710 742 2801 ejusdem
760 2711 914 2782 Decreta
935 2711 1083 2801 subjicio
1101 2707 1157 2800 ⁴⁵),
1185 2707 1253 2779 hoc
1272 2705 1364 2777 idem

171 2811 215 2882 ad
240 2813 391 2883 litteram
415 2835 507 2906 pene
542 2811 572 2904 ¹]
603 2813 803 2885 Uladislaus
831 2807 899 2901 ll,
928 2814 1076 2906 ejusque
1106 2810 1196 2881 lilius
1227 2810 1261 2899 ⁸)
1291 2808 1364 2879 suis

169 2914 410 2986 sanctionibus
430 2916 664 2987 inseruerant.
693 2915 794 2986 Unde
813 2913 932 2988 licebit
958 2935 1067 3009 porro
1087 2912 1303 3008 emergere,
1334 2910 1365 2978 si

167 3037 240 3088 non
267 3015 434 3086 Andreae
463 3015 545 3104 Ill,
572 3017 710 3089 Albcrti
741 3028 861 3105 certe,
890 3026 925 3088 et
953 3015 1123 3089 Uladislai
1142 3013 1184 3084 II.
1207 3013 1364 3096 decreta,

167 3127 328 3210 tempore
346 3115 659 3210 lnauguraticnum
677 3117 793 3208 edita,
821 3120 977 3213 speciem
1009 3113 1287 3188 assecurationis
1307 3108 1365 3180 di-

165 3219 376 3313 plomaticae
390 3217 565 3292 indubiam
575 3219 727 3307 referre,
741 3219 898 3291 evidenti
909 3240 995 3290 sana
1010 3216 1234 3300 documenta
1246 3211 1366 3304 quanti

168 3342 267 3394 suum
286 3319 443 3412 Hungari
461 3322 495 3390 iu
516 3321 762 3392 constituendo
782 3321 979 3413 Pro-Rege
1007 3322 1246 3403 interventum
1264 3333 1365 3384 sem-

168 3444 232 3517 per
270 3424 557 3510 aestimaverint,
593 3422 732 3515 quando
761 3425 866 3493 istum
899 3433 1058 3514 tempore
1087 3416 1366 3491 Coronationum

170 3525 243 3605 suis
262 3523 304 3597 ab
324 3521 482 3616 Regibus
502 3525 685 3618 speciatim
705 3522 771 3594 sibi
794 3526 914 3593 caveri
933 3523 1213 3615 postulaverunt.

189 3665 228 3750 *)
252 3666 412 3730 articulus
437 3673 467 3733 2.
490 3668 573 3731 Anni
601 3666 693 3732 1139.
713 3667 759 3729 sic
775 3667 887 3730 babet:
911 3667 1067 3744 „Insuper
1088 3659 1275 3741 qrrcdllegia
1290 3657 1366 3720 Ma-

256 3750 376 3835 ‚iceles
408 3753 584 3820 Palatinum
609 3754 708 3835 Regni
734 3754 863 3835 antiqua
889 3749 1114 3816 consvetudino
1139 3746 1238 3836 angui
1263 3743 1369 3829 ipsius

162 3879 384 3906 Μ

199 3933 226 3994 ι)
244 3935 317 3988 Hist.
332 3901 398 4000 Reg.
418 3937 507 4004 flung.
526 3939 553 3990 lo
566 3939 628 3992 Rot.
641 3951 738 4010 praev.
754 3951 780 4008 p.
792 3939 836 3992 26.

199 4003 228 4061 b)
243 4006 285 4054 Ex
299 4005 415 4072 Antbog.
432 4021 481 4072 per
492 4008 526 4059 cl.
539 4007 611 4072 Pray
627 4023 763 4060 commun.

199 4072 229 4202 bb
245 4075 636 4213 R¹silss”ilirf¹iriig¹.³b.³l.
652 4145 676 4218 g.
693 4147 717 4200 a.

201 4212 226 4271 ·l
246 4211 323 4265 eles.
335 4217 362 4266 2.

201 4277 231 4347 s)
251 4281 328 4335 1492.
347 4283 389 4335 ³8.

200 4352 230 4421 r)
249 4353 373 4411 111111.
