<?xml version="1.0" encoding="UTF-8"?>
<!DOCTYPE html PUBLIC "-//W3C//DTD XHTML 1.0 Transitional//EN"
    "http://www.w3.org/TR/xhtml1/DTD/xhtml1-transitional.dtd">
<html xmlns="http://www.w3.org/1999/xhtml" xml:lang="en" lang="en">
 <head>
  <title>
</title>
<meta http-equiv="Content-Type" content="text/html;charset=utf-8" />
  <meta name='ocr-system' content='tesseract 3.04.00' />
  <meta name='ocr-capabilities' content='ocr_page ocr_carea ocr_par ocr_line ocrx_word'/>
</head>
<body>
  <div class='ocr_page' id='page_1' title='image "./conspectusjuris00czirgoog_0494.png"; bbox 0 0 3094 4868; ppageno 0'>
   <div class='ocr_carea' id='block_1_1' title="bbox 216 223 291 307">
    <p class='ocr_par' dir='ltr' id='par_1_1' title="bbox 216 223 291 307">
     <span class='ocr_line' id='line_1_1' title="bbox 216 223 291 307; baseline -0.013 0"><span class='ocrx_word' id='word_1_1' title='bbox 216 223 291 307; x_wconf 60' lang='lat' dir='ltr'><strong>wi</strong></span> 
     </span>
    </p>
   </div>
   <div class='ocr_carea' id='block_1_2' title="bbox 211 398 1428 1423">
    <p class='ocr_par' dir='ltr' id='par_1_2' title="bbox 211 398 1428 1423">
     <span class='ocr_line' id='line_1_2' title="bbox 216 398 1414 504; baseline 0.002 -30"><span class='ocrx_word' id='word_1_2' title='bbox 216 423 282 497; x_wconf 88' lang='lat' dir='ltr'><strong>per</strong></span> <span class='ocrx_word' id='word_1_3' title='bbox 299 398 560 476; x_wconf 84' lang='lat' dir='ltr'><strong>Moderatorem</strong></span> <span class='ocrx_word' id='word_1_4' title='bbox 579 407 785 503; x_wconf 87' lang='lat' dir='ltr'><strong>propositis,</strong></span> <span class='ocrx_word' id='word_1_5' title='bbox 804 411 882 504; x_wconf 89' lang='lat' dir='ltr'><strong>ipsa</strong></span> <span class='ocrx_word' id='word_1_6' title='bbox 902 409 967 483; x_wconf 86' lang='lat' dir='ltr'><strong>sibi</strong></span> <span class='ocrx_word' id='word_1_7' title='bbox 991 406 1124 501; x_wconf 83' lang='lat' dir='ltr'><strong>delegit</strong></span> <span class='ocrx_word' id='word_1_8' title='bbox 1141 404 1364 479; x_wconf 82' lang='lat' dir='ltr'><strong>Universitas</strong></span> <span class='ocrx_word' id='word_1_9' title='bbox 1379 403 1414 494; x_wconf 80' lang='lat'><strong>¹]</strong></span> 
     </span>
     <span class='ocr_line' id='line_1_3' title="bbox 218 504 1414 608; baseline 0.003 -33"><span class='ocrx_word' id='word_1_10' title='bbox 218 507 253 575; x_wconf 91' lang='lat' dir='ltr'><strong>in</strong></span> <span class='ocrx_word' id='word_1_11' title='bbox 272 504 395 596; x_wconf 85' lang='lat' dir='ltr'><strong>regula</strong></span> <span class='ocrx_word' id='word_1_12' title='bbox 415 526 551 596; x_wconf 75' lang='lat' dir='ltr'><strong>omneS,</strong></span> <span class='ocrx_word' id='word_1_13' title='bbox 578 511 646 581; x_wconf 91' lang='lat' dir='ltr'><strong>nisi</strong></span> <span class='ocrx_word' id='word_1_14' title='bbox 674 511 769 605; x_wconf 92' lang='lat' dir='ltr'><strong>quod</strong></span> <span class='ocrx_word' id='word_1_15' title='bbox 787 515 823 583; x_wconf 94' lang='lat' dir='ltr'><strong>in</strong></span> <span class='ocrx_word' id='word_1_16' title='bbox 841 514 1022 608; x_wconf 90' lang='lat' dir='ltr'><strong>plerisque</strong></span> <span class='ocrx_word' id='word_1_17' title='bbox 1047 507 1276 583; x_wconf 81' lang='lat' dir='ltr'><strong>Comitatibus</strong></span> <span class='ocrx_word' id='word_1_18' title='bbox 1296 529 1414 578; x_wconf 86' lang='lat' dir='ltr'><strong>exco-</strong></span> 
     </span>
     <span class='ocr_line' id='line_1_4' title="bbox 216 607 1428 709; baseline 0.004 -33"><span class='ocrx_word' id='word_1_19' title='bbox 216 610 290 701; x_wconf 87' lang='lat' dir='ltr'><strong>ptio</strong></span> <span class='ocrx_word' id='word_1_20' title='bbox 315 610 437 698; x_wconf 83' lang='lat' dir='ltr'><strong>vigeat</strong></span> <span class='ocrx_word' id='word_1_21' title='bbox 463 611 575 681; x_wconf 86' lang='lat' dir='ltr'><strong>relate</strong></span> <span class='ocrx_word' id='word_1_22' title='bbox 602 610 647 681; x_wconf 91' lang='lat' dir='ltr'><strong>ad</strong></span> <span class='ocrx_word' id='word_1_23' title='bbox 671 607 854 686; x_wconf 83' lang='lat' dir='ltr'><strong>individua</strong></span> <span class='ocrx_word' id='word_1_24' title='bbox 879 618 980 687; x_wconf 82' lang='lat' dir='ltr'><strong>-si</strong></span> <span class='ocrx_word' id='word_1_25' title='bbox 1008 617 1056 685; x_wconf 92' lang='lat' dir='ltr'><strong>ita</strong></span> <span class='ocrx_word' id='word_1_26' title='bbox 1081 614 1179 709; x_wconf 92' lang='lat' dir='ltr'><strong>loqui</strong></span> <span class='ocrx_word' id='word_1_27' title='bbox 1207 610 1261 683; x_wconf 88' lang='lat' dir='ltr'><strong>fas</strong></span> <span class='ocrx_word' id='word_1_28' title='bbox 1288 618 1343 682; x_wconf 88' lang='lat' dir='ltr'><strong>cst</strong></span> <span class='ocrx_word' id='word_1_29' title='bbox 1359 649 1428 702; x_wconf 75' lang='lat'><strong>-.</strong></span> 
     </span>
     <span class='ocr_line' id='line_1_5' title="bbox 217 709 1413 812; baseline 0.005 -36"><span class='ocrx_word' id='word_1_30' title='bbox 217 709 422 797; x_wconf 90' lang='lat' dir='ltr'><strong>notarialia,</strong></span> <span class='ocrx_word' id='word_1_31' title='bbox 450 709 508 780; x_wconf 91' lang='lat' dir='ltr'><strong>ubi</strong></span> <span class='ocrx_word' id='word_1_32' title='bbox 536 733 657 784; x_wconf 89' lang='lat' dir='ltr'><strong>eorum</strong></span> <span class='ocrx_word' id='word_1_33' title='bbox 685 719 961 790; x_wconf 80' lang='lat' dir='ltr'><strong>nominationem</strong></span> <span class='ocrx_word' id='word_1_34' title='bbox 978 737 1064 789; x_wconf 90' lang='lat' dir='ltr'><strong>usus</strong></span> <span class='ocrx_word' id='word_1_35' title='bbox 1089 723 1318 812; x_wconf 76' lang='lat' dir='ltr'><strong>pervetustus</strong></span> <span class='ocrx_word' id='word_1_36' title='bbox 1337 711 1413 784; x_wconf 87' lang='lat' dir='ltr'><strong>Su-</strong></span> 
     </span>
     <span class='ocr_line' id='line_1_6' title="bbox 215 807 1413 904; baseline 0.003 -24"><span class='ocrx_word' id='word_1_37' title='bbox 215 831 338 904; x_wconf 86' lang='lat' dir='ltr'><strong>premo</strong></span> <span class='ocrx_word' id='word_1_38' title='bbox 366 807 490 881; x_wconf 82' lang='lat' dir='ltr'><strong>Comiti</strong></span> <span class='ocrx_word' id='word_1_39' title='bbox 518 815 681 888; x_wconf 76' lang='lat' dir='ltr'><strong>attribuit.</strong></span> <span class='ocrx_word' id='word_1_40' title='bbox 737 819 979 894; x_wconf 85' lang='lat' dir='ltr'><strong>Obnoxiantur</strong></span> <span class='ocrx_word' id='word_1_41' title='bbox 1017 828 1132 891; x_wconf 85' lang='lat' dir='ltr'><strong>autem</strong></span> <span class='ocrx_word' id='word_1_42' title='bbox 1168 815 1257 887; x_wconf 90' lang='lat' dir='ltr'><strong>haec</strong></span> <span class='ocrx_word' id='word_1_43' title='bbox 1289 812 1413 885; x_wconf 80' lang='lat' dir='ltr'><strong>Officia</strong></span> 
     </span>
     <span class='ocr_line' id='line_1_7' title="bbox 216 911 1412 1014; baseline 0.003 -32"><span class='ocrx_word' id='word_1_44' title='bbox 216 932 335 984; x_wconf 86' lang='lat' dir='ltr'><strong>novae</strong></span> <span class='ocrx_word' id='word_1_45' title='bbox 355 911 533 1004; x_wconf 86' lang='lat' dir='ltr'><strong>electioni,</strong></span> <span class='ocrx_word' id='word_1_46' title='bbox 567 938 631 987; x_wconf 88' lang='lat' dir='ltr'><strong>seu</strong></span> <span class='ocrx_word' id='word_1_47' title='bbox 655 921 794 1014; x_wconf 86' lang='lat' dir='ltr'><strong>uulgari</strong></span> <span class='ocrx_word' id='word_1_48' title='bbox 830 922 932 995; x_wconf 91' lang='lat' dir='ltr'><strong>nobis</strong></span> <span class='ocrx_word' id='word_1_49' title='bbox 961 923 1112 994; x_wconf 93' lang='lat' dir='ltr'><strong>termino</strong></span> <span class='ocrx_word' id='word_1_50' title='bbox 1148 918 1412 1004; x_wconf 79' lang='lat' dir='ltr'><strong>restaurationi,</strong></span> 
     </span>
     <span class='ocr_line' id='line_1_8' title="bbox 215 1017 1412 1120; baseline 0.01 -37"><span class='ocrx_word' id='word_1_51' title='bbox 215 1034 318 1107; x_wconf 89' lang='lat' dir='ltr'><strong>quam</strong></span> <span class='ocrx_word' id='word_1_52' title='bbox 337 1019 464 1106; x_wconf 86' lang='lat' dir='ltr'><strong>quouis</strong></span> <span class='ocrx_word' id='word_1_53' title='bbox 484 1018 636 1090; x_wconf 86' lang='lat' dir='ltr'><strong>triennio</strong></span> <span class='ocrx_word' id='word_1_54' title='bbox 652 1041 799 1096; x_wconf 87' lang='lat' dir='ltr'><strong>servaro</strong></span> <span class='ocrx_word' id='word_1_55' title='bbox 817 1026 921 1118; x_wconf 85' lang='lat' dir='ltr'><strong>leges</strong></span> <span class='ocrx_word' id='word_1_56' title='bbox 939 1027 1159 1120; x_wconf 88' lang='lat' dir='ltr'><strong>praecipiunt</strong></span> <span class='ocrx_word' id='word_1_57' title='bbox 1190 1021 1236 1108; x_wconf 73' lang='lat' dir='ltr'><strong>bl·</strong></span> <span class='ocrx_word' id='word_1_58' title='bbox 1257 1017 1412 1104; x_wconf 78' lang='lat' dir='ltr'><strong>Quarum</strong></span> 
     </span>
     <span class='ocr_line' id='line_1_9' title="bbox 214 1114 1413 1206; baseline 0.003 -20"><span class='ocrx_word' id='word_1_59' title='bbox 214 1117 343 1206; x_wconf 85' lang='lat' dir='ltr'><strong>vigore</strong></span> <span class='ocrx_word' id='word_1_60' title='bbox 373 1114 507 1190; x_wconf 83' lang='lat' dir='ltr'><strong>electus</strong></span> <span class='ocrx_word' id='word_1_61' title='bbox 527 1117 593 1189; x_wconf 92' lang='lat' dir='ltr'><strong>sibi</strong></span> <span class='ocrx_word' id='word_1_62' title='bbox 613 1120 763 1196; x_wconf 91' lang='lat' dir='ltr'><strong>delatum</strong></span> <span class='ocrx_word' id='word_1_63' title='bbox 793 1147 917 1198; x_wconf 91' lang='lat' dir='ltr'><strong>munus</strong></span> <span class='ocrx_word' id='word_1_64' title='bbox 936 1128 1046 1198; x_wconf 90' lang='lat' dir='ltr'><strong>invita</strong></span> <span class='ocrx_word' id='word_1_65' title='bbox 1069 1122 1326 1197; x_wconf 81' lang='lat' dir='ltr'><strong>Communitate</strong></span> <span class='ocrx_word' id='word_1_66' title='bbox 1343 1142 1413 1190; x_wconf 86' lang='lat' dir='ltr'><strong>ra-</strong></span> 
     </span>
     <span class='ocr_line' id='line_1_10' title="bbox 215 1219 1413 1318; baseline 0.004 -32"><span class='ocrx_word' id='word_1_67' title='bbox 215 1237 342 1288; x_wconf 87' lang='lat' dir='ltr'><strong>cusare</strong></span> <span class='ocrx_word' id='word_1_68' title='bbox 361 1220 483 1311; x_wconf 91' lang='lat' dir='ltr'><strong>nequit</strong></span> <span class='ocrx_word' id='word_1_69' title='bbox 504 1219 567 1290; x_wconf 90' lang='lat' dir='ltr'><strong>sub</strong></span> <span class='ocrx_word' id='word_1_70' title='bbox 598 1246 711 1315; x_wconf 87' lang='lat' dir='ltr'><strong>poena</strong></span> <span class='ocrx_word' id='word_1_71' title='bbox 732 1229 780 1300; x_wconf 83' lang='lat'><strong>25</strong></span> <span class='ocrx_word' id='word_1_72' title='bbox 809 1227 1018 1318; x_wconf 88' lang='lat' dir='ltr'><strong>Marcarum,</strong></span> <span class='ocrx_word' id='word_1_73' title='bbox 1046 1250 1170 1301; x_wconf 87' lang='lat' dir='ltr'><strong>verum</strong></span> <span class='ocrx_word' id='word_1_74' title='bbox 1199 1244 1413 1318; x_wconf 86' lang='lat' dir='ltr'><strong>perannum</strong></span> 
     </span>
     <span class='ocr_line' id='line_1_11' title="bbox 211 1320 1413 1423; baseline 0.006 -36"><span class='ocrx_word' id='word_1_75' title='bbox 211 1320 388 1409; x_wconf 83' lang='lat' dir='ltr'><strong>integrum</strong></span> <span class='ocrx_word' id='word_1_76' title='bbox 407 1320 564 1393; x_wconf 90' lang='lat' dir='ltr'><strong>adminus</strong></span> <span class='ocrx_word' id='word_1_77' title='bbox 587 1323 671 1398; x_wconf 90' lang='lat' dir='ltr'><strong>illud</strong></span> <span class='ocrx_word' id='word_1_78' title='bbox 698 1332 874 1402; x_wconf 86' lang='lat' dir='ltr'><strong>sustinere</strong></span> <span class='ocrx_word' id='word_1_79' title='bbox 894 1331 1125 1423; x_wconf 84' lang='lat' dir='ltr'><strong>obstringitur</strong></span> <span class='ocrx_word' id='word_1_80' title='bbox 1155 1330 1201 1418; x_wconf 77' lang='lat' dir='ltr'><strong>e),</strong></span> <span class='ocrx_word' id='word_1_81' title='bbox 1231 1324 1273 1395; x_wconf 92' lang='lat' dir='ltr'><strong>ad</strong></span> <span class='ocrx_word' id='word_1_82' title='bbox 1303 1345 1413 1395; x_wconf 89' lang='lat' dir='ltr'><strong>reas-</strong></span> 
     </span>
    </p>
   </div>
   <div class='ocr_carea' id='block_1_3' title="bbox 214 1422 1414 1616">
    <p class='ocr_par' dir='ltr' id='par_1_3' title="bbox 214 1422 1414 1616">
     <span class='ocr_line' id='line_1_12' title="bbox 214 1422 1414 1562; baseline 0.005 -70"><span class='ocrx_word' id='word_1_83' title='bbox 214 1422 452 1562; x_wconf 71' lang='lat' dir='ltr'><strong>summaqdum</strong></span> <span class='ocrx_word' id='word_1_84' title='bbox 497 1433 613 1497; x_wconf 89' lang='lat' dir='ltr'><strong>tamen</strong></span> <span class='ocrx_word' id='word_1_85' title='bbox 648 1441 775 1525; x_wconf 91' lang='lat' dir='ltr'><strong>postea</strong></span> <span class='ocrx_word' id='word_1_86' title='bbox 816 1454 881 1529; x_wconf 89' lang='lat' dir='ltr'><strong>per</strong></span> <span class='ocrx_word' id='word_1_87' title='bbox 910 1436 1184 1529; x_wconf 81' lang='lat' dir='ltr'><strong>quinquennium</strong></span> <span class='ocrx_word' id='word_1_88' title='bbox 1223 1429 1303 1520; x_wconf 85' lang='lat' dir='ltr'><strong>cogi</strong></span> <span class='ocrx_word' id='word_1_89' title='bbox 1338 1447 1414 1498; x_wconf 89' lang='lat' dir='ltr'><strong>non</strong></span> 
     </span>
     <span class='ocr_line' id='line_1_13' title="bbox 216 1529 408 1616; baseline 0.005 -24"><span class='ocrx_word' id='word_1_90' title='bbox 216 1530 336 1616; x_wconf 87' lang='lat' dir='ltr'><strong>potest</strong></span> <span class='ocrx_word' id='word_1_91' title='bbox 382 1529 408 1611; x_wconf 91' lang='lat'><strong>).</strong></span> 
     </span>
    </p>
   </div>
   <div class='ocr_carea' id='block_1_4' title="bbox 522 1737 1098 1970">
    <p class='ocr_par' dir='ltr' id='par_1_4' title="bbox 522 1737 1098 1970">
     <span class='ocr_line' id='line_1_14' title="bbox 730 1737 880 1822; baseline 0 -14"><span class='ocrx_word' id='word_1_92' title='bbox 730 1737 765 1822; x_wconf 85' lang='lat'><strong>§.</strong></span> <span class='ocrx_word' id='word_1_93' title='bbox 796 1739 880 1813; x_wconf 80' lang='grc'><strong>709.</strong></span> 
     </span>
     <span class='ocr_line' id='line_1_15' title="bbox 522 1875 1098 1970; baseline 0.014 -23"><span class='ocrx_word' id='word_1_94' title='bbox 522 1875 581 1948; x_wconf 79' lang='lat' dir='ltr'><strong>ue</strong></span> <span class='ocrx_word' id='word_1_95' title='bbox 606 1877 901 1952; x_wconf 79' lang='lat' dir='ltr'><strong>Reataurott‘one</strong></span> <span class='ocrx_word' id='word_1_96' title='bbox 928 1882 1098 1970; x_wconf 66' lang='lat' dir='ltr'><strong>quadem.</strong></span> 
     </span>
    </p>
   </div>
   <div class='ocr_carea' id='block_1_5' title="bbox 206 2016 1411 3550">
    <p class='ocr_par' dir='ltr' id='par_1_5' title="bbox 206 2016 1411 3550">
     <span class='ocr_line' id='line_1_16' title="bbox 313 2016 1411 2125; baseline 0.009 -37"><span class='ocrx_word' id='word_1_97' title='bbox 313 2016 539 2092; x_wconf 84' lang='lat' dir='ltr'><strong>Restauratio</strong></span> <span class='ocrx_word' id='word_1_98' title='bbox 569 2021 830 2100; x_wconf 88' lang='lat' dir='ltr'><strong>observantiam</strong></span> <span class='ocrx_word' id='word_1_99' title='bbox 859 2030 1101 2124; x_wconf 85' lang='lat' dir='ltr'><strong>longaevam,</strong></span> <span class='ocrx_word' id='word_1_100' title='bbox 1145 2029 1283 2125; x_wconf 81' lang='lat' dir='ltr'><strong>legibus</strong></span> <span class='ocrx_word' id='word_1_101' title='bbox 1311 2030 1411 2100; x_wconf 91' lang='lat' dir='ltr'><strong>inni-</strong></span> 
     </span>
     <span class='ocr_line' id='line_1_17' title="bbox 213 2121 1411 2228; baseline 0.009 -39"><span class='ocrx_word' id='word_1_102' title='bbox 213 2139 308 2207; x_wconf 85' lang='lat' dir='ltr'><strong>xam,</strong></span> <span class='ocrx_word' id='word_1_103' title='bbox 337 2121 368 2191; x_wconf 91' lang='lat' dir='ltr'><strong>si</strong></span> <span class='ocrx_word' id='word_1_104' title='bbox 388 2125 611 2217; x_wconf 78' lang='lat' dir='ltr'><strong>respicimus,</strong></span> <span class='ocrx_word' id='word_1_105' title='bbox 639 2149 681 2198; x_wconf 91' lang='lat' dir='ltr'><strong>ea</strong></span> <span class='ocrx_word' id='word_1_106' title='bbox 699 2133 837 2203; x_wconf 89' lang='lat' dir='ltr'><strong>ratione</strong></span> <span class='ocrx_word' id='word_1_107' title='bbox 857 2133 1059 2228; x_wconf 84' lang='lat' dir='ltr'><strong>peragenda</strong></span> <span class='ocrx_word' id='word_1_108' title='bbox 1088 2145 1161 2206; x_wconf 88' lang='lat' dir='ltr'><strong>ost:</strong></span> <span class='ocrx_word' id='word_1_109' title='bbox 1199 2131 1324 2206; x_wconf 91' lang='lat' dir='ltr'><strong>scilicit</strong></span> <span class='ocrx_word' id='word_1_110' title='bbox 1342 2153 1411 2200; x_wconf 93' lang='lat' dir='ltr'><strong>re-</strong></span> 
     </span>
     <span class='ocr_line' id='line_1_18' title="bbox 216 2222 1411 2322; baseline 0.008 -30"><span class='ocrx_word' id='word_1_111' title='bbox 216 2223 363 2312; x_wconf 84' lang='lat' dir='ltr'><strong>signatis</strong></span> <span class='ocrx_word' id='word_1_112' title='bbox 389 2222 527 2317; x_wconf 82' lang='lat' dir='ltr'><strong>Sigillo,</strong></span> <span class='ocrx_word' id='word_1_113' title='bbox 556 2238 627 2298; x_wconf 92' lang='lat' dir='ltr'><strong>tum</strong></span> <span class='ocrx_word' id='word_1_114' title='bbox 644 2230 805 2322; x_wconf 87' lang='lat' dir='ltr'><strong>Archivi,</strong></span> <span class='ocrx_word' id='word_1_115' title='bbox 834 2246 869 2305; x_wconf 89' lang='lat' dir='ltr'><strong>et</strong></span> <span class='ocrx_word' id='word_1_116' title='bbox 888 2233 1022 2308; x_wconf 80' lang='lat' dir='ltr'><strong>Cassae</strong></span> <span class='ocrx_word' id='word_1_117' title='bbox 1042 2237 1212 2321; x_wconf 86' lang='lat' dir='ltr'><strong>clavibus,</strong></span> <span class='ocrx_word' id='word_1_118' title='bbox 1241 2232 1411 2305; x_wconf 86' lang='lat' dir='ltr'><strong>sedibus—</strong></span> 
     </span>
     <span class='ocr_line' id='line_1_19' title="bbox 212 2323 1410 2430; baseline 0.01 -39"><span class='ocrx_word' id='word_1_119' title='bbox 212 2343 281 2416; x_wconf 90' lang='lat' dir='ltr'><strong>que</strong></span> <span class='ocrx_word' id='word_1_120' title='bbox 302 2323 448 2415; x_wconf 89' lang='lat' dir='ltr'><strong>relictis,</strong></span> <span class='ocrx_word' id='word_1_121' title='bbox 475 2331 663 2402; x_wconf 88' lang='lat' dir='ltr'><strong>universus</strong></span> <span class='ocrx_word' id='word_1_122' title='bbox 692 2332 919 2428; x_wconf 86' lang='lat' dir='ltr'><strong>Magistratus</strong></span> <span class='ocrx_word' id='word_1_123' title='bbox 946 2337 1068 2408; x_wconf 86' lang='lat' dir='ltr'><strong>Ollicio</strong></span> <span class='ocrx_word' id='word_1_124' title='bbox 1099 2336 1253 2423; x_wconf 88' lang='lat' dir='ltr'><strong>decedit;</strong></span> <span class='ocrx_word' id='word_1_125' title='bbox 1281 2343 1410 2430; x_wconf 90' lang='lat' dir='ltr'><strong>postea</strong></span> 
     </span>
     <span class='ocr_line' id='line_1_20' title="bbox 212 2425 1409 2527; baseline 0.012 -36"><span class='ocrx_word' id='word_1_126' title='bbox 212 2425 407 2518; x_wconf 82' lang='lat' dir='ltr'><strong>praemissa</strong></span> <span class='ocrx_word' id='word_1_127' title='bbox 438 2427 704 2523; x_wconf 79' lang='lat' dir='ltr'><strong>candidatione,</strong></span> <span class='ocrx_word' id='word_1_128' title='bbox 760 2436 978 2527; x_wconf 86' lang='lat' dir='ltr'><strong>singulorum</strong></span> <span class='ocrx_word' id='word_1_129' title='bbox 1013 2438 1171 2512; x_wconf 87' lang='lat' dir='ltr'><strong>delectus</strong></span> <span class='ocrx_word' id='word_1_130' title='bbox 1208 2460 1255 2508; x_wconf 88' lang='lat' dir='ltr'><strong>ex</strong></span> <span class='ocrx_word' id='word_1_131' title='bbox 1282 2436 1409 2508; x_wconf 87' lang='lat' dir='ltr'><strong>ordine</strong></span> 
     </span>
     <span class='ocr_line' id='line_1_21' title="bbox 212 2527 1406 2635; baseline 0.009 -39"><span class='ocrx_word' id='word_1_132' title='bbox 212 2527 411 2625; x_wconf 59' lang='lat' dir='ltr'><strong>suscipitur,</strong></span> <span class='ocrx_word' id='word_1_133' title='bbox 446 2528 535 2602; x_wconf 93' lang='lat' dir='ltr'><strong>Hinc</strong></span> <span class='ocrx_word' id='word_1_134' title='bbox 555 2533 599 2604; x_wconf 93' lang='lat' dir='ltr'><strong>ad</strong></span> <span class='ocrx_word' id='word_1_135' title='bbox 617 2533 767 2610; x_wconf 87' lang='lat' dir='ltr'><strong>ollioium</strong></span> <span class='ocrx_word' id='word_1_136' title='bbox 794 2538 1057 2613; x_wconf 81' lang='lat' dir='ltr'><strong>Vico-Comitis</strong></span> <span class='ocrx_word' id='word_1_137' title='bbox 1087 2563 1165 2612; x_wconf 93' lang='lat' dir='ltr'><strong>cum</strong></span> <span class='ocrx_word' id='word_1_138' title='bbox 1192 2539 1304 2635; x_wconf 90' lang='lat' dir='ltr'><strong>priori</strong></span> <span class='ocrx_word' id='word_1_139' title='bbox 1334 2541 1406 2609; x_wconf 91' lang='lat' dir='ltr'><strong>rui-</strong></span> 
     </span>
     <span class='ocr_line' id='line_1_22' title="bbox 207 2629 1403 2734; baseline 0.011 -37"><span class='ocrx_word' id='word_1_140' title='bbox 207 2629 335 2697; x_wconf 92' lang='lat' dir='ltr'><strong>nimum</strong></span> <span class='ocrx_word' id='word_1_141' title='bbox 355 2637 505 2722; x_wconf 88' lang='lat' dir='ltr'><strong>quatuor</strong></span> <span class='ocrx_word' id='word_1_142' title='bbox 535 2635 580 2723; x_wconf 81' lang='lat'><strong>⁰),</strong></span> <span class='ocrx_word' id='word_1_143' title='bbox 609 2635 653 2708; x_wconf 91' lang='lat' dir='ltr'><strong>ad</strong></span> <span class='ocrx_word' id='word_1_144' title='bbox 677 2640 812 2734; x_wconf 88' lang='lat' dir='ltr'><strong>reliqua</strong></span> <span class='ocrx_word' id='word_1_145' title='bbox 841 2646 907 2713; x_wconf 91' lang='lat' dir='ltr'><strong>tria</strong></span> <span class='ocrx_word' id='word_1_146' title='bbox 932 2641 1110 2717; x_wconf 88' lang='lat' dir='ltr'><strong>individua</strong></span> <span class='ocrx_word' id='word_1_147' title='bbox 1145 2640 1296 2713; x_wconf 88' lang='lat' dir='ltr'><strong>delectui</strong></span> <span class='ocrx_word' id='word_1_148' title='bbox 1322 2646 1403 2713; x_wconf 86' lang='lat' dir='ltr'><strong>sunt</strong></span> 
     </span>
     <span class='ocr_line' id='line_1_23' title="bbox 208 2725 1403 2839; baseline 0.008 -38"><span class='ocrx_word' id='word_1_149' title='bbox 208 2725 453 2821; x_wconf 86' lang='lat' dir='ltr'><strong>submittenda,</strong></span> <span class='ocrx_word' id='word_1_150' title='bbox 480 2737 538 2827; x_wconf 92' lang='lat' dir='ltr'><strong>qui</strong></span> <span class='ocrx_word' id='word_1_151' title='bbox 556 2739 616 2808; x_wconf 90' lang='lat' dir='ltr'><strong>vel</strong></span> <span class='ocrx_word' id='word_1_152' title='bbox 634 2741 899 2834; x_wconf 83' lang='lat' dir='ltr'><strong>acclamatione,</strong></span> <span class='ocrx_word' id='word_1_153' title='bbox 925 2746 986 2816; x_wconf 87' lang='lat' dir='ltr'><strong>uel</strong></span> <span class='ocrx_word' id='word_1_154' title='bbox 1018 2749 1048 2817; x_wconf 90' lang='lat' dir='ltr'><strong>si</strong></span> <span class='ocrx_word' id='word_1_155' title='bbox 1075 2745 1256 2839; x_wconf 89' lang='lat' dir='ltr'><strong>pluralitas</strong></span> <span class='ocrx_word' id='word_1_156' title='bbox 1288 2751 1403 2814; x_wconf 89' lang='lat' dir='ltr'><strong>voto-</strong></span> 
     </span>
     <span class='ocr_line' id='line_1_24' title="bbox 207 2828 1398 2929; baseline 0.011 -31"><span class='ocrx_word' id='word_1_157' title='bbox 207 2850 284 2899; x_wconf 92' lang='lat' dir='ltr'><strong>rum</strong></span> <span class='ocrx_word' id='word_1_158' title='bbox 311 2828 464 2902; x_wconf 87' lang='lat' dir='ltr'><strong>discerni</strong></span> <span class='ocrx_word' id='word_1_159' title='bbox 481 2849 645 2929; x_wconf 90' lang='lat' dir='ltr'><strong>nequeat,</strong></span> <span class='ocrx_word' id='word_1_160' title='bbox 674 2849 985 2917; x_wconf 88' lang='lat' dir='ltr'><strong>connumeratione</strong></span> <span class='ocrx_word' id='word_1_161' title='bbox 1005 2848 1185 2919; x_wconf 89' lang='lat' dir='ltr'><strong>deciditur.</strong></span> <span class='ocrx_word' id='word_1_162' title='bbox 1213 2845 1297 2917; x_wconf 88' lang='lat' dir='ltr'><strong>Jure</strong></span> <span class='ocrx_word' id='word_1_163' title='bbox 1317 2841 1398 2914; x_wconf 84' lang='lat' dir='ltr'><strong>sul-</strong></span> 
     </span>
     <span class='ocr_line' id='line_1_25' title="bbox 209 2929 1400 3038; baseline 0.013 -38"><span class='ocrx_word' id='word_1_164' title='bbox 209 2929 315 3021; x_wconf 84' lang='lat' dir='ltr'><strong>iragii</strong></span> <span class='ocrx_word' id='word_1_165' title='bbox 338 2929 395 3002; x_wconf 93' lang='lat' dir='ltr'><strong>hic</strong></span> <span class='ocrx_word' id='word_1_166' title='bbox 421 2932 558 3008; x_wconf 89' lang='lat' dir='ltr'><strong>Nobilis</strong></span> <span class='ocrx_word' id='word_1_167' title='bbox 588 2941 732 3034; x_wconf 88' lang='lat' dir='ltr'><strong>quilibet</strong></span> <span class='ocrx_word' id='word_1_168' title='bbox 770 2943 951 3023; x_wconf 88' lang='lat' dir='ltr'><strong>fruebatur</strong></span> <span class='ocrx_word' id='word_1_169' title='bbox 985 2950 1175 3038; x_wconf 88' lang='lat' dir='ltr'><strong>hactenus,</strong></span> <span class='ocrx_word' id='word_1_170' title='bbox 1223 2955 1253 3023; x_wconf 91' lang='lat' dir='ltr'><strong>si</strong></span> <span class='ocrx_word' id='word_1_171' title='bbox 1277 2947 1337 3020; x_wconf 87' lang='lat' dir='ltr'><strong>uel</strong></span> <span class='ocrx_word' id='word_1_172' title='bbox 1361 2948 1400 3016; x_wconf 92' lang='lat' dir='ltr'><strong>in</strong></span> 
     </span>
     <span class='ocr_line' id='line_1_26' title="bbox 208 3031 1408 3138; baseline 0.017 -38"><span class='ocrx_word' id='word_1_173' title='bbox 208 3034 344 3124; x_wconf 83' lang='lat' dir='ltr'><strong>gremio</strong></span> <span class='ocrx_word' id='word_1_174' title='bbox 375 3031 569 3112; x_wconf 86' lang='lat' dir='ltr'><strong>Comitatus</strong></span> <span class='ocrx_word' id='word_1_175' title='bbox 597 3044 712 3137; x_wconf 83' lang='lat' dir='ltr'><strong>degit,</strong></span> <span class='ocrx_word' id='word_1_176' title='bbox 747 3049 807 3120; x_wconf 88' lang='lat' dir='ltr'><strong>vel</strong></span> <span class='ocrx_word' id='word_1_177' title='bbox 834 3052 927 3123; x_wconf 88' lang='lat' dir='ltr'><strong>bona</strong></span> <span class='ocrx_word' id='word_1_178' title='bbox 947 3062 1046 3125; x_wconf 89' lang='lat' dir='ltr'><strong>tenet</strong></span> <span class='ocrx_word' id='word_1_179' title='bbox 1076 3052 1301 3138; x_wconf 82' lang='lat' dir='ltr'><strong>nobilitaria3</strong></span> <span class='ocrx_word' id='word_1_180' title='bbox 1330 3059 1408 3121; x_wconf 88' lang='lat' dir='ltr'><strong>erat</strong></span> 
     </span>
     <span class='ocr_line' id='line_1_27' title="bbox 209 3139 1408 3250; baseline 0.014 -46"><span class='ocrx_word' id='word_1_181' title='bbox 209 3155 359 3228; x_wconf 90' lang='lat' dir='ltr'><strong>namque</strong></span> <span class='ocrx_word' id='word_1_182' title='bbox 378 3139 528 3233; x_wconf 83' lang='lat' dir='ltr'><strong>insignis</strong></span> <span class='ocrx_word' id='word_1_183' title='bbox 548 3141 649 3236; x_wconf 91' lang='lat' dir='ltr'><strong>hujus</strong></span> <span class='ocrx_word' id='word_1_184' title='bbox 670 3151 858 3226; x_wconf 85' lang='lat' dir='ltr'><strong>activitatis</strong></span> <span class='ocrx_word' id='word_1_185' title='bbox 889 3174 1018 3250; x_wconf 88' lang='lat' dir='ltr'><strong>scopus</strong></span> <span class='ocrx_word' id='word_1_186' title='bbox 1051 3155 1133 3243; x_wconf 90' lang='lat' dir='ltr'><strong>ille,</strong></span> <span class='ocrx_word' id='word_1_187' title='bbox 1163 3177 1205 3225; x_wconf 90' lang='lat' dir='ltr'><strong>ac</strong></span> <span class='ocrx_word' id='word_1_188' title='bbox 1230 3153 1322 3242; x_wconf 89' lang='lat' dir='ltr'><strong>linis,</strong></span> <span class='ocrx_word' id='word_1_189' title='bbox 1368 3160 1408 3221; x_wconf 86' lang='lat' dir='ltr'><strong>ut</strong></span> 
     </span>
     <span class='ocr_line' id='line_1_28' title="bbox 209 3239 1409 3351; baseline 0.016 -46"><span class='ocrx_word' id='word_1_190' title='bbox 209 3239 323 3329; x_wconf 86' lang='lat' dir='ltr'><strong>quivis</strong></span> <span class='ocrx_word' id='word_1_191' title='bbox 343 3239 385 3309; x_wconf 88' lang='lat' dir='ltr'><strong>ad</strong></span> <span class='ocrx_word' id='word_1_192' title='bbox 405 3243 538 3313; x_wconf 89' lang='lat' dir='ltr'><strong>morale</strong></span> <span class='ocrx_word' id='word_1_193' title='bbox 565 3266 694 3343; x_wconf 90' lang='lat' dir='ltr'><strong>corpus</strong></span> <span class='ocrx_word' id='word_1_194' title='bbox 713 3251 871 3325; x_wconf 86' lang='lat' dir='ltr'><strong>Statuam</strong></span> <span class='ocrx_word' id='word_1_195' title='bbox 890 3261 1084 3351; x_wconf 77' lang='lat' dir='ltr'><strong>pcrtinenS,</strong></span> <span class='ocrx_word' id='word_1_196' title='bbox 1114 3277 1212 3328; x_wconf 90' lang='lat' dir='ltr'><strong>suum</strong></span> <span class='ocrx_word' id='word_1_197' title='bbox 1241 3259 1319 3350; x_wconf 87' lang='lat' dir='ltr'><strong>ipsc</strong></span> <span class='ocrx_word' id='word_1_198' title='bbox 1340 3252 1409 3326; x_wconf 90' lang='lat' dir='ltr'><strong>sibi</strong></span> 
     </span>
     <span class='ocr_line' id='line_1_29' title="bbox 210 3338 1407 3452; baseline 0.014 -45"><span class='ocrx_word' id='word_1_199' title='bbox 210 3340 262 3407; x_wconf 89' lang='lat' dir='ltr'><strong>sic</strong></span> <span class='ocrx_word' id='word_1_200' title='bbox 281 3338 389 3431; x_wconf 84' lang='lat' dir='ltr'><strong>eligat</strong></span> <span class='ocrx_word' id='word_1_201' title='bbox 415 3340 635 3437; x_wconf 56' lang='lat' dir='ltr'><strong>iudicent).</strong></span> <span class='ocrx_word' id='word_1_202' title='bbox 666 3351 812 3426; x_wconf 82' lang='lat' dir='ltr'><strong>Peracta</strong></span> <span class='ocrx_word' id='word_1_203' title='bbox 840 3357 1016 3429; x_wconf 88' lang='lat' dir='ltr'><strong>electione</strong></span> <span class='ocrx_word' id='word_1_204' title='bbox 1044 3360 1172 3452; x_wconf 84' lang='lat' dir='ltr'><strong>quivis,</strong></span> <span class='ocrx_word' id='word_1_205' title='bbox 1202 3380 1305 3450; x_wconf 88' lang='lat' dir='ltr'><strong>quem</strong></span> <span class='ocrx_word' id='word_1_206' title='bbox 1333 3378 1407 3451; x_wconf 88' lang='lat' dir='ltr'><strong>pu-</strong></span> 
     </span>
     <span class='ocr_line' id='line_1_30' title="bbox 206 3437 1408 3550; baseline 0.015 -42"><span class='ocrx_word' id='word_1_207' title='bbox 206 3437 298 3510; x_wconf 92' lang='lat' dir='ltr'><strong>blica</strong></span> <span class='ocrx_word' id='word_1_208' title='bbox 325 3440 442 3514; x_wconf 90' lang='lat' dir='ltr'><strong>fidutia</strong></span> <span class='ocrx_word' id='word_1_209' title='bbox 470 3447 505 3518; x_wconf 90' lang='lat' dir='ltr'><strong>in</strong></span> <span class='ocrx_word' id='word_1_210' title='bbox 534 3449 737 3524; x_wconf 89' lang='lat' dir='ltr'><strong>subsellium</strong></span> <span class='ocrx_word' id='word_1_211' title='bbox 767 3459 940 3550; x_wconf 90' lang='lat' dir='ltr'><strong>quoddam</strong></span> <span class='ocrx_word' id='word_1_212' title='bbox 968 3460 1177 3548; x_wconf 85' lang='lat' dir='ltr'><strong>collocavit,</strong></span> <span class='ocrx_word' id='word_1_213' title='bbox 1214 3458 1408 3549; x_wconf 86' lang='lat' dir='ltr'><strong>Jusjman-</strong></span> 
     </span>
    </p>
   </div>
   <div class='ocr_carea' id='block_1_6' title="bbox 207 3538 1408 3734">
    <p class='ocr_par' dir='ltr' id='par_1_6' title="bbox 207 3538 1408 3734">
     <span class='ocr_line' id='line_1_31' title="bbox 207 3538 1408 3734; baseline 0.017 -125"><span class='ocrx_word' id='word_1_214' title='bbox 207 3538 494 3734; x_wconf 42' lang='lat' dir='ltr'><strong>flumbobtonlae</strong></span> <span class='ocrx_word' id='word_1_215' title='bbox 524 3556 666 3626; x_wconf 89' lang='lat' dir='ltr'><strong>stationi</strong></span> <span class='ocrx_word' id='word_1_216' title='bbox 694 3561 931 3654; x_wconf 88' lang='lat' dir='ltr'><strong>respondens,</strong></span> <span class='ocrx_word' id='word_1_217' title='bbox 969 3563 1083 3659; x_wconf 89' lang='lat' dir='ltr'><strong>palam</strong></span> <span class='ocrx_word' id='word_1_218' title='bbox 1107 3583 1310 3658; x_wconf 89' lang='lat' dir='ltr'><strong>nuncupare</strong></span> <span class='ocrx_word' id='word_1_219' title='bbox 1336 3558 1408 3631; x_wconf 89' lang='lat' dir='ltr'><strong>de-</strong></span> 
     </span>
     <span class='ocr_line' id='line_1_32' title="bbox 232 3663 342 3715; baseline 0.027 -3"><span class='ocrx_word' id='word_1_220' title='bbox 232 3663 252 3712; x_wconf 91' lang='lat' dir='ltr'><strong>e</strong></span> <span class='ocrx_word' id='word_1_221' title='bbox 335 3698 342 3715; x_wconf 91' lang='lat'><strong>.</strong></span> 
     </span>
    </p>
   </div>
   <div class='ocr_carea' id='block_1_7' title="bbox 199 3789 411 3809">
    <p class='ocr_par' dir='ltr' id='par_1_7' title="bbox 199 3789 411 3809">
     <span class='ocr_line' id='line_1_33' title="bbox 199 3789 411 3809; baseline 0 -7"><span class='ocrx_word' id='word_1_222' title='bbox 199 3789 411 3809; x_wconf 44' lang='grc' dir='ltr'>..ι-ὴ</span> 
     </span>
    </p>
   </div>
   <div class='ocr_carea' id='block_1_8' title="bbox 235 3849 987 4284">
    <p class='ocr_par' dir='ltr' id='par_1_8' title="bbox 236 3849 749 3934">
     <span class='ocr_line' id='line_1_34' title="bbox 236 3849 749 3934; baseline 0.049 -33"><span class='ocrx_word' id='word_1_223' title='bbox 236 3849 258 3901; x_wconf 73' lang='lat'><strong>⁸)</strong></span> <span class='ocrx_word' id='word_1_224' title='bbox 281 3854 356 3908; x_wconf 76' lang='lat'><strong>1723.</strong></span> <span class='ocrx_word' id='word_1_225' title='bbox 377 3858 420 3909; x_wconf 87' lang='grc'><strong>56.</strong></span> <span class='ocrx_word' id='word_1_226' title='bbox 440 3857 462 3924; x_wconf 90' lang='grc'><strong>1.</strong></span> <span class='ocrx_word' id='word_1_227' title='bbox 483 3857 506 3912; x_wconf 73' lang='grc'><strong>1.</strong></span> <span class='ocrx_word' id='word_1_228' title='bbox 527 3866 602 3921; x_wconf 78' lang='grc'><strong>1729.</strong></span> <span class='ocrx_word' id='word_1_229' title='bbox 622 3873 663 3922; x_wconf 91' lang='grc'><strong>15.</strong></span> <span class='ocrx_word' id='word_1_230' title='bbox 682 3867 705 3934; x_wconf 89' lang='grc'><strong>1.</strong></span> <span class='ocrx_word' id='word_1_231' title='bbox 724 3874 749 3926; x_wconf 86' lang='grc'><strong>3.</strong></span> 
     </span>
    </p>

    <p class='ocr_par' dir='ltr' id='par_1_9' title="bbox 235 3939 863 4023">
     <span class='ocr_line' id='line_1_35' title="bbox 235 3939 863 4023; baseline 0.04 -35"><span class='ocrx_word' id='word_1_232' title='bbox 235 3939 264 4020; x_wconf 62' lang='lat'><strong>13)</strong></span> <span class='ocrx_word' id='word_1_233' title='bbox 282 3940 332 3992; x_wconf 85' lang='lat' dir='ltr'><strong>on.</strong></span> <span class='ocrx_word' id='word_1_234' title='bbox 353 3946 429 3998; x_wconf 79' lang='lat' dir='ltr'><strong>ruas.</strong></span> <span class='ocrx_word' id='word_1_235' title='bbox 450 3949 491 4002; x_wconf 84' lang='lat' dir='ltr'><strong>sa.</strong></span> <span class='ocrx_word' id='word_1_236' title='bbox 511 3947 534 4013; x_wconf 81' lang='lat' dir='ltr'><strong>t.</strong></span> <span class='ocrx_word' id='word_1_237' title='bbox 553 3955 569 4003; x_wconf 83' lang='lat'>2</span> <span class='ocrx_word' id='word_1_238' title='bbox 587 3979 619 3990; x_wconf 85' lang='lat'><em>-</em></span> <span class='ocrx_word' id='word_1_239' title='bbox 640 3959 715 4009; x_wconf 75' lang='lat'><strong>1729.</strong></span> <span class='ocrx_word' id='word_1_240' title='bbox 737 3961 778 4010; x_wconf 80' lang='lat' dir='ltr'><strong>rr.</strong></span> <span class='ocrx_word' id='word_1_241' title='bbox 798 3955 820 4023; x_wconf 80' lang='lat' dir='ltr'><strong>t.</strong></span> <span class='ocrx_word' id='word_1_242' title='bbox 839 3961 863 4012; x_wconf 86' lang='lat' dir='ltr'><strong>a.</strong></span> 
     </span>
    </p>

    <p class='ocr_par' dir='ltr' id='par_1_10' title="bbox 236 4024 825 4100">
     <span class='ocr_line' id='line_1_36' title="bbox 236 4024 825 4100; baseline 0.042 -25"><span class='ocrx_word' id='word_1_243' title='bbox 236 4024 261 4086; x_wconf 74' lang='lat'><strong>⁶)</strong></span> <span class='ocrx_word' id='word_1_244' title='bbox 281 4024 456 4081; x_wconf 60' lang='grc'><strong>113511-</strong></span> <span class='ocrx_word' id='word_1_245' title='bbox 475 4033 554 4090; x_wconf 73' lang='lat'><strong>1492.</strong></span> <span class='ocrx_word' id='word_1_246' title='bbox 572 4037 615 4093; x_wconf 73' lang='lat'><strong>34.</strong></span> <span class='ocrx_word' id='word_1_247' title='bbox 634 4067 669 4078; x_wconf 90' lang='grc'>-</span> <span class='ocrx_word' id='word_1_248' title='bbox 688 4046 765 4098; x_wconf 84' lang='grc'><strong>1559.</strong></span> <span class='ocrx_word' id='word_1_249' title='bbox 783 4046 825 4100; x_wconf 74' lang='grc'><strong>51.</strong></span> 
     </span>
    </p>

    <p class='ocr_par' dir='ltr' id='par_1_11' title="bbox 235 4099 987 4284">
     <span class='ocr_line' id='line_1_37' title="bbox 236 4099 987 4182; baseline 0.051 -24"><span class='ocrx_word' id='word_1_250' title='bbox 236 4099 261 4172; x_wconf 69' lang='grc'><strong>(1)</strong></span> <span class='ocrx_word' id='word_1_251' title='bbox 280 4125 305 4163; x_wconf 89' lang='lat' dir='ltr'><strong>n.</strong></span> <span class='ocrx_word' id='word_1_252' title='bbox 324 4127 348 4167; x_wconf 89' lang='lat' dir='ltr'><strong>e.</strong></span> <span class='ocrx_word' id='word_1_253' title='bbox 367 4113 442 4171; x_wconf 71' lang='lat'><strong>1435.</strong></span> <span class='ocrx_word' id='word_1_254' title='bbox 462 4124 486 4173; x_wconf 98' lang='grc'><strong>2.</strong></span> <span class='ocrx_word' id='word_1_255' title='bbox 507 4131 533 4175; x_wconf 87' lang='lat' dir='ltr'><strong>et</strong></span> <span class='ocrx_word' id='word_1_256' title='bbox 553 4125 630 4178; x_wconf 81' lang='grc'><strong>1192.</strong></span> <span class='ocrx_word' id='word_1_257' title='bbox 649 4128 691 4182; x_wconf 76' lang='lat' dir='ltr'><strong>al.</strong></span> <span class='ocrx_word' id='word_1_258' title='bbox 983 4165 987 4172; x_wconf 92' lang='lat'><em>·</em></span> 
     </span>
     <span class='ocr_line' id='line_1_38' title="bbox 235 4195 957 4284; baseline 0.033 -35"><span class='ocrx_word' id='word_1_259' title='bbox 235 4195 263 4262; x_wconf 66' lang='grc' dir='ltr'><strong>θ)</strong></span> <span class='ocrx_word' id='word_1_260' title='bbox 283 4202 346 4254; x_wconf 80' lang='lat' dir='ltr'><strong>Tot.</strong></span> <span class='ocrx_word' id='word_1_261' title='bbox 366 4206 417 4258; x_wconf 78' lang='lat' dir='ltr'><strong>Cli.</strong></span> <span class='ocrx_word' id='word_1_262' title='bbox 437 4211 514 4264; x_wconf 77' lang='lat'><strong>1723.</strong></span> <span class='ocrx_word' id='word_1_263' title='bbox 534 4213 576 4265; x_wconf 78' lang='lat'><strong>56.</strong></span> <span class='ocrx_word' id='word_1_264' title='bbox 594 4209 617 4276; x_wconf 83' lang='grc'><strong>1.</strong></span> <span class='ocrx_word' id='word_1_265' title='bbox 636 4217 662 4266; x_wconf 77' lang='lat'><strong>2·</strong></span> <span class='ocrx_word' id='word_1_266' title='bbox 681 4237 717 4252; x_wconf 86' lang='lat'><strong>·-</strong></span> <span class='ocrx_word' id='word_1_267' title='bbox 736 4217 811 4270; x_wconf 79' lang='lat'><strong>1729.</strong></span> <span class='ocrx_word' id='word_1_268' title='bbox 832 4221 874 4271; x_wconf 88' lang='grc'><strong>15.</strong></span> <span class='ocrx_word' id='word_1_269' title='bbox 891 4217 914 4284; x_wconf 90' lang='grc'><strong>1.</strong></span> <span class='ocrx_word' id='word_1_270' title='bbox 932 4219 957 4272; x_wconf 90' lang='grc'><strong>3.</strong></span> 
     </span>
    </p>
   </div>
   <div class='ocr_carea' id='block_1_9' title="bbox 217 4281 1405 4441">
    <p class='ocr_par' dir='ltr' id='par_1_12' title="bbox 217 4281 1405 4441">
     <span class='ocr_line' id='line_1_39' title="bbox 217 4281 1405 4441; baseline 0.017 -99"><span class='ocrx_word' id='word_1_271' title='bbox 217 4281 266 4354; x_wconf 62' lang='grc'><strong>»1)</strong></span> <span class='ocrx_word' id='word_1_272' title='bbox 286 4289 362 4441; x_wconf 42' lang='grc'><strong>11355.</strong></span> <span class='ocrx_word' id='word_1_273' title='bbox 381 4296 406 4350; x_wconf 87' lang='grc'><strong>1.</strong></span> <span class='ocrx_word' id='word_1_274' title='bbox 426 4319 460 4330; x_wconf 86' lang='grc'>-</span> <span class='ocrx_word' id='word_1_275' title='bbox 479 4295 555 4350; x_wconf 80' lang='grc'><strong>1186.</strong></span> <span class='ocrx_word' id='word_1_276' title='bbox 574 4301 617 4353; x_wconf 76' lang='grc'><strong>13.</strong></span> <span class='ocrx_word' id='word_1_277' title='bbox 636 4329 670 4342; x_wconf 92' lang='grc'>-</span> <span class='ocrx_word' id='word_1_278' title='bbox 691 4300 767 4358; x_wconf 80' lang='grc'><strong>1193.</strong></span> <span class='ocrx_word' id='word_1_279' title='bbox 791 4305 833 4359; x_wconf 84' lang='grc'><strong>33.</strong></span> <span class='ocrx_word' id='word_1_280' title='bbox 852 4333 886 4346; x_wconf 92' lang='grc'>-</span> <span class='ocrx_word' id='word_1_281' title='bbox 907 4307 986 4362; x_wconf 82' lang='grc'><strong>1723.</strong></span> <span class='ocrx_word' id='word_1_282' title='bbox 1004 4305 1045 4361; x_wconf 86' lang='grc'><strong>56.</strong></span> <span class='ocrx_word' id='word_1_283' title='bbox 1064 4304 1087 4372; x_wconf 76' lang='lat' dir='ltr'><strong>t.</strong></span> <span class='ocrx_word' id='word_1_284' title='bbox 1106 4304 1130 4362; x_wconf 82' lang='grc'><strong>1.</strong></span> <span class='ocrx_word' id='word_1_285' title='bbox 1150 4309 1211 4362; x_wconf 87' lang='lat' dir='ltr'><strong>ooli.</strong></span> <span class='ocrx_word' id='word_1_286' title='bbox 1235 4317 1305 4360; x_wconf 89' lang='lat' dir='ltr'><strong>com.</strong></span> <span class='ocrx_word' id='word_1_287' title='bbox 1324 4299 1405 4362; x_wconf 80' lang='grc'><strong>1518.</strong></span> 
     </span>
     <span class='ocr_line' id='line_1_40' title="bbox 235 4377 411 4433; baseline 0.017 -5"><span class='ocrx_word' id='word_1_288' title='bbox 235 4425 237 4428; x_wconf 89' lang='grc'><strong>.</strong></span> <span class='ocrx_word' id='word_1_289' title='bbox 282 4377 324 4429; x_wconf 76' lang='lat' dir='ltr'><strong>to.</strong></span> <span class='ocrx_word' id='word_1_290' title='bbox 360 4413 367 4432; x_wconf 93' lang='grc'><strong>.</strong></span> <span class='ocrx_word' id='word_1_291' title='bbox 386 4382 411 4433; x_wconf 91' lang='grc'><strong>1.</strong></span> 
     </span>
    </p>
   </div>
   <div class='ocr_carea' id='block_1_10' title="bbox 0 0 1552 4868">
    <p class='ocr_par' dir='ltr' id='par_1_13' title="bbox 0 0 1552 4868">
     <span class='ocr_line' id='line_1_41' title="bbox 0 0 1552 4868; baseline 0 0"><span class='ocrx_word' id='word_1_292' title='bbox 0 0 1552 4868; x_wconf 95' lang='lat' dir='ltr'><strong> </strong></span> 
     </span>
    </p>
   </div>
  </div>
 </body>
</html>
