<?xml version="1.0" encoding="UTF-8"?>
<!DOCTYPE html PUBLIC "-//W3C//DTD XHTML 1.0 Transitional//EN"
    "http://www.w3.org/TR/xhtml1/DTD/xhtml1-transitional.dtd">
<html xmlns="http://www.w3.org/1999/xhtml" xml:lang="en" lang="en">
 <head>
  <title>
</title>
<meta http-equiv="Content-Type" content="text/html;charset=utf-8" />
  <meta name='ocr-system' content='tesseract 3.04.00' />
  <meta name='ocr-capabilities' content='ocr_page ocr_carea ocr_par ocr_line ocrx_word'/>
</head>
<body>
  <div class='ocr_page' id='page_1' title='image "./conspectusjuris00czirgoog_0502.png"; bbox 0 0 3094 4868; ppageno 0'>
   <div class='ocr_carea' id='block_1_1' title="bbox 186 231 262 308">
    <p class='ocr_par' dir='ltr' id='par_1_1' title="bbox 186 231 262 308">
     <span class='ocr_line' id='line_1_1' title="bbox 186 231 262 308; baseline -0.026 0"><span class='ocrx_word' id='word_1_1' title='bbox 186 231 262 308; x_wconf 77' lang='lat'><strong>232</strong></span> 
     </span>
    </p>
   </div>
   <div class='ocr_carea' id='block_1_2' title="bbox 186 396 1400 1008">
    <p class='ocr_par' dir='ltr' id='par_1_2' title="bbox 186 396 1400 1008">
     <span class='ocr_line' id='line_1_2' title="bbox 186 396 1400 498; baseline -0.003 -18"><span class='ocrx_word' id='word_1_2' title='bbox 186 401 536 498; x_wconf 43' lang='lat' dir='ltr'><strong>etanefSupremi</strong></span> <span class='ocrx_word' id='word_1_3' title='bbox 574 396 1030 498; x_wconf 81' lang='lat' dir='ltr'><strong>Gamergraphiatus</strong></span> <span class='ocrx_word' id='word_1_4' title='bbox 1057 401 1283 476; x_wconf 80' lang='lat' dir='ltr'><strong>Officium</strong></span> <span class='ocrx_word' id='word_1_5' title='bbox 1316 403 1400 476; x_wconf 93' lang='lat' dir='ltr'><strong>in-</strong></span> 
     </span>
     <span class='ocr_line' id='line_1_3' title="bbox 186 503 1399 598; baseline -0.003 -18"><span class='ocrx_word' id='word_1_6' title='bbox 186 507 383 581; x_wconf 89' lang='lat' dir='ltr'><strong>ferioris</strong></span> <span class='ocrx_word' id='word_1_7' title='bbox 411 503 682 598; x_wconf 86' lang='lat' dir='ltr'><strong>Hungariae</strong></span> <span class='ocrx_word' id='word_1_8' title='bbox 710 524 840 575; x_wconf 91' lang='lat' dir='ltr'><strong>nomen</strong></span> <span class='ocrx_word' id='word_1_9' title='bbox 859 503 946 575; x_wconf 91' lang='lat' dir='ltr'><strong>tulit.</strong></span> <span class='ocrx_word' id='word_1_10' title='bbox 975 504 1047 578; x_wconf 82' lang='lat' dir='ltr'><strong>eut</strong></span> <span class='ocrx_word' id='word_1_11' title='bbox 1064 506 1167 595; x_wconf 87' lang='lat' dir='ltr'><strong>hujus</strong></span> <span class='ocrx_word' id='word_1_12' title='bbox 1188 503 1399 578; x_wconf 71' lang='lat' dir='ltr'><strong>directione</strong></span> 
     </span>
     <span class='ocr_line' id='line_1_4' title="bbox 188 603 1395 696; baseline -0.005 -12"><span class='ocrx_word' id='word_1_13' title='bbox 188 614 449 684; x_wconf 90' lang='lat' dir='ltr'><strong>constituuntur</strong></span> <span class='ocrx_word' id='word_1_14' title='bbox 478 606 582 680; x_wconf 85' lang='lat' dir='ltr'><strong>binae</strong></span> <span class='ocrx_word' id='word_1_15' title='bbox 611 603 801 678; x_wconf 86' lang='lat' dir='ltr'><strong>inferiores</strong></span> <span class='ocrx_word' id='word_1_16' title='bbox 839 603 1008 679; x_wconf 80' lang='lat' dir='ltr'>Gamerae</span> <span class='ocrx_word' id='word_1_17' title='bbox 1052 603 1260 678; x_wconf 80' lang='lat' dir='ltr'><strong>Cremniczii</strong></span> <span class='ocrx_word' id='word_1_18' title='bbox 1304 630 1395 696; x_wconf 88' lang='lat' dir='ltr'><strong>una,</strong></span> 
     </span>
     <span class='ocr_line' id='line_1_5' title="bbox 187 707 1392 828; baseline -0.005 -42"><span class='ocrx_word' id='word_1_19' title='bbox 187 714 300 786; x_wconf 89' lang='lat' dir='ltr'><strong>alteru</strong></span> <span class='ocrx_word' id='word_1_20' title='bbox 317 709 494 797; x_wconf 90' lang='lat' dir='ltr'><strong>Neosolii,</strong></span> <span class='ocrx_word' id='word_1_21' title='bbox 523 720 559 782; x_wconf 91' lang='lat' dir='ltr'><strong>et</strong></span> <span class='ocrx_word' id='word_1_22' title='bbox 577 707 803 828; x_wconf 81' lang='lat' dir='ltr'><strong>complures</strong></span> <span class='ocrx_word' id='word_1_23' title='bbox 793 716 939 818; x_wconf 75' lang='lat' dir='ltr'><strong>insuper</strong></span> <span class='ocrx_word' id='word_1_24' title='bbox 963 712 1144 798; x_wconf 92' lang='lat' dir='ltr'><strong>montium,</strong></span> <span class='ocrx_word' id='word_1_25' title='bbox 1172 708 1392 798; x_wconf 87' lang='lat' dir='ltr'><strong>fodinarum,</strong></span> 
     </span>
     <span class='ocr_line' id='line_1_6' title="bbox 187 811 1392 907; baseline 0 -19"><span class='ocrx_word' id='word_1_26' title='bbox 187 817 380 901; x_wconf 88' lang='lat' dir='ltr'><strong>silvarum,</strong></span> <span class='ocrx_word' id='word_1_27' title='bbox 422 814 549 907; x_wconf 85' lang='lat' dir='ltr'><strong>reique</strong></span> <span class='ocrx_word' id='word_1_28' title='bbox 587 813 856 901; x_wconf 86' lang='lat' dir='ltr'><strong>oeconomicae,</strong></span> <span class='ocrx_word' id='word_1_29' title='bbox 896 811 1084 902; x_wconf 83' lang='lat' dir='ltr'><strong>juridicae,</strong></span> <span class='ocrx_word' id='word_1_30' title='bbox 1121 833 1164 884; x_wconf 88' lang='lat' dir='ltr'><strong>ac</strong></span> <span class='ocrx_word' id='word_1_31' title='bbox 1195 812 1392 888; x_wconf 78' lang='lat' dir='ltr'><strong>monetatis</strong></span> 
     </span>
     <span class='ocr_line' id='line_1_7' title="bbox 188 914 620 1008; baseline -0.017 -16"><span class='ocrx_word' id='word_1_32' title='bbox 188 918 321 1006; x_wconf 84' lang='lat' dir='ltr'><strong>Monta,</strong></span> <span class='ocrx_word' id='word_1_33' title='bbox 349 923 386 987; x_wconf 89' lang='lat' dir='ltr'><strong>et</strong></span> <span class='ocrx_word' id='word_1_34' title='bbox 403 914 620 1008; x_wconf 86' lang='lat' dir='ltr'><strong>Magisteria.</strong></span> 
     </span>
    </p>
   </div>
   <div class='ocr_carea' id='block_1_3' title="bbox 229 1036 1395 1553">
    <p class='ocr_par' dir='ltr' id='par_1_3' title="bbox 229 1036 1395 1553">
     <span class='ocr_line' id='line_1_8' title="bbox 229 1036 1395 1125; baseline 0.002 -24"><span class='ocrx_word' id='word_1_35' title='bbox 229 1038 269 1125; x_wconf 72' lang='lat'><strong>⁴¹)</strong></span> <span class='ocrx_word' id='word_1_36' title='bbox 291 1039 384 1101; x_wconf 90' lang='lat' dir='ltr'><strong>Hunc</strong></span> <span class='ocrx_word' id='word_1_37' title='bbox 405 1039 505 1119; x_wconf 85' lang='lat' dir='ltr'><strong>Reges</strong></span> <span class='ocrx_word' id='word_1_38' title='bbox 528 1037 630 1100; x_wconf 86' lang='lat' dir='ltr'><strong>nostri</strong></span> <span class='ocrx_word' id='word_1_39' title='bbox 654 1059 716 1101; x_wconf 81' lang='lat' dir='ltr'><strong>una</strong></span> <span class='ocrx_word' id='word_1_40' title='bbox 746 1045 930 1118; x_wconf 87' lang='lat' dir='ltr'><strong>perpetuum</strong></span> <span class='ocrx_word' id='word_1_41' title='bbox 952 1036 1137 1120; x_wconf 83' lang='lat' dir='ltr'><strong>Delegatum</strong></span> <span class='ocrx_word' id='word_1_42' title='bbox 1158 1039 1298 1120; x_wconf 85' lang='lat' dir='ltr'><strong>regium,</strong></span> <span class='ocrx_word' id='word_1_43' title='bbox 1329 1059 1395 1104; x_wconf 85' lang='lat' dir='ltr'><strong>scu</strong></span> 
     </span>
     <span class='ocr_line' id='line_1_9' title="bbox 273 1123 1394 1205; baseline -0.003 -14"><span class='ocrx_word' id='word_1_44' title='bbox 273 1125 534 1191; x_wconf 75' lang='lat' dir='ltr'><strong>commissarium</strong></span> <span class='ocrx_word' id='word_1_45' title='bbox 556 1132 675 1205; x_wconf 86' lang='lat' dir='ltr'><strong>septem</strong></span> <span class='ocrx_word' id='word_1_46' title='bbox 691 1134 910 1188; x_wconf 72' lang='lat' dir='ltr'><strong>montanorum</strong></span> <span class='ocrx_word' id='word_1_47' title='bbox 926 1123 1097 1188; x_wconf 84' lang='lat' dir='ltr'><strong>Givitstum</strong></span> <span class='ocrx_word' id='word_1_48' title='bbox 1113 1125 1276 1189; x_wconf 86' lang='lat' dir='ltr'><strong>inferioris</strong></span> <span class='ocrx_word' id='word_1_49' title='bbox 1288 1125 1394 1188; x_wconf 88' lang='lat' dir='ltr'><strong>Hun-</strong></span> 
     </span>
     <span class='ocr_line' id='line_1_10' title="bbox 272 1211 1394 1295; baseline -0.001 -20"><span class='ocrx_word' id='word_1_50' title='bbox 272 1213 378 1295; x_wconf 85' lang='lat' dir='ltr'><strong>gariae</strong></span> <span class='ocrx_word' id='word_1_51' title='bbox 401 1231 471 1274; x_wconf 84' lang='lat' dir='ltr'><strong>essa</strong></span> <span class='ocrx_word' id='word_1_52' title='bbox 495 1211 681 1287; x_wconf 85' lang='lat' dir='ltr'><strong>voluerunt,</strong></span> <span class='ocrx_word' id='word_1_53' title='bbox 712 1213 793 1294; x_wconf 86' lang='lat' dir='ltr'><strong>quod</strong></span> <span class='ocrx_word' id='word_1_54' title='bbox 817 1231 870 1272; x_wconf 85' lang='lat' dir='ltr'><strong>ees</strong></span> <span class='ocrx_word' id='word_1_55' title='bbox 893 1211 1088 1292; x_wconf 87' lang='lat' dir='ltr'><strong>privilegiis,</strong></span> <span class='ocrx_word' id='word_1_56' title='bbox 1119 1220 1149 1272; x_wconf 91' lang='lat' dir='ltr'><strong>ct</strong></span> <span class='ocrx_word' id='word_1_57' title='bbox 1177 1212 1394 1274; x_wconf 83' lang='lat' dir='ltr'><strong>immunitati-</strong></span> 
     </span>
     <span class='ocr_line' id='line_1_11' title="bbox 272 1297 1395 1377; baseline -0.003 -14"><span class='ocrx_word' id='word_1_58' title='bbox 272 1302 330 1363; x_wconf 90' lang='lat' dir='ltr'><strong>bus</strong></span> <span class='ocrx_word' id='word_1_59' title='bbox 354 1300 496 1370; x_wconf 85' lang='lat' dir='ltr'><strong>donatas,</strong></span> <span class='ocrx_word' id='word_1_60' title='bbox 519 1307 697 1377; x_wconf 86' lang='lat' dir='ltr'><strong>propterea,</strong></span> <span class='ocrx_word' id='word_1_61' title='bbox 720 1307 755 1360; x_wconf 90' lang='lat' dir='ltr'><strong>ut</strong></span> <span class='ocrx_word' id='word_1_62' title='bbox 778 1317 811 1360; x_wconf 88' lang='lat' dir='ltr'><strong>sc</strong></span> <span class='ocrx_word' id='word_1_63' title='bbox 835 1297 892 1360; x_wconf 84' lang='lat' dir='ltr'><strong>lroc</strong></span> <span class='ocrx_word' id='word_1_64' title='bbox 914 1299 1046 1372; x_wconf 85' lang='lat' dir='ltr'><strong>certius,</strong></span> <span class='ocrx_word' id='word_1_65' title='bbox 1070 1317 1105 1360; x_wconf 88' lang='lat' dir='ltr'><strong>ac</strong></span> <span class='ocrx_word' id='word_1_66' title='bbox 1124 1299 1267 1359; x_wconf 91' lang='lat' dir='ltr'><strong>securius</strong></span> <span class='ocrx_word' id='word_1_67' title='bbox 1286 1297 1395 1360; x_wconf 82' lang='lat' dir='ltr'><strong>Fodi-</strong></span> 
     </span>
     <span class='ocr_line' id='line_1_12' title="bbox 273 1383 1394 1466; baseline 0 -19"><span class='ocrx_word' id='word_1_68' title='bbox 273 1404 383 1448; x_wconf 87' lang='lat' dir='ltr'><strong>narum</strong></span> <span class='ocrx_word' id='word_1_69' title='bbox 406 1384 545 1447; x_wconf 87' lang='lat' dir='ltr'><strong>culturae</strong></span> <span class='ocrx_word' id='word_1_70' title='bbox 567 1385 765 1466; x_wconf 88' lang='lat' dir='ltr'><strong>impendent,</strong></span> <span class='ocrx_word' id='word_1_71' title='bbox 798 1383 950 1464; x_wconf 86' lang='lat' dir='ltr'><strong>peculiari</strong></span> <span class='ocrx_word' id='word_1_72' title='bbox 982 1403 1103 1465; x_wconf 86' lang='lat' dir='ltr'><strong>quoquc</strong></span> <span class='ocrx_word' id='word_1_73' title='bbox 1125 1386 1273 1447; x_wconf 86' lang='lat' dir='ltr'><strong>tutamine</strong></span> <span class='ocrx_word' id='word_1_74' title='bbox 1297 1404 1394 1447; x_wconf 91' lang='lat' dir='ltr'><strong>com-</strong></span> 
     </span>
     <span class='ocr_line' id='line_1_13' title="bbox 276 1470 559 1553; baseline 0.004 -19"><span class='ocrx_word' id='word_1_75' title='bbox 276 1471 370 1553; x_wconf 87' lang='lat' dir='ltr'><strong>plecti</strong></span> <span class='ocrx_word' id='word_1_76' title='bbox 392 1470 559 1535; x_wconf 84' lang='lat' dir='ltr'><strong>voluerint.</strong></span> 
     </span>
    </p>
   </div>
   <div class='ocr_carea' id='block_1_4' title="bbox 554 1620 1012 1839">
    <p class='ocr_par' dir='ltr' id='par_1_4' title="bbox 554 1620 1012 1839">
     <span class='ocr_line' id='line_1_14' title="bbox 714 1620 866 1707; baseline -0.026 -13"><span class='ocrx_word' id='word_1_77' title='bbox 714 1620 751 1707; x_wconf 84' lang='lat'><strong>§.</strong></span> <span class='ocrx_word' id='word_1_78' title='bbox 781 1622 866 1694; x_wconf 78' lang='lat'><strong>724.</strong></span> 
     </span>
     <span class='ocr_line' id='line_1_15' title="bbox 554 1745 1012 1839; baseline -0.007 -19"><span class='ocrx_word' id='word_1_79' title='bbox 554 1751 601 1820; x_wconf 83' lang='lat' dir='ltr'><strong>Io</strong></span> <span class='ocrx_word' id='word_1_80' title='bbox 626 1751 827 1839; x_wconf 72' lang='lat' dir='ltr'><strong>chparta</strong></span> <span class='ocrx_word' id='word_1_81' title='bbox 853 1745 1012 1839; x_wconf 76' lang='lat' dir='ltr'><strong>reliquo.</strong></span> 
     </span>
    </p>
   </div>
   <div class='ocr_carea' id='block_1_5' title="bbox 188 1895 1394 2097">
    <p class='ocr_par' dir='ltr' id='par_1_5' title="bbox 188 1895 1394 2097">
     <span class='ocr_line' id='line_1_16' title="bbox 291 1895 1394 1990; baseline 0.001 -23"><span class='ocrx_word' id='word_1_82' title='bbox 291 1895 400 1984; x_wconf 84' lang='lat' dir='ltr'><strong>Quam</strong></span> <span class='ocrx_word' id='word_1_83' title='bbox 429 1900 686 1988; x_wconf 90' lang='lat' dir='ltr'><strong>auctoritatem,</strong></span> <span class='ocrx_word' id='word_1_84' title='bbox 713 1906 772 1969; x_wconf 88' lang='lat' dir='ltr'><strong>aut</strong></span> <span class='ocrx_word' id='word_1_85' title='bbox 790 1917 880 1990; x_wconf 90' lang='lat' dir='ltr'><strong>quae</strong></span> <span class='ocrx_word' id='word_1_86' title='bbox 904 1895 1040 1989; x_wconf 87' lang='lat' dir='ltr'><strong>agenda</strong></span> <span class='ocrx_word' id='word_1_87' title='bbox 1065 1895 1135 1968; x_wconf 92' lang='lat' dir='ltr'><strong>hoc</strong></span> <span class='ocrx_word' id='word_1_88' title='bbox 1163 1899 1217 1968; x_wconf 91' lang='lat' dir='ltr'><strong>rei</strong></span> <span class='ocrx_word' id='word_1_89' title='bbox 1245 1907 1394 1970; x_wconf 92' lang='lat' dir='ltr'><strong>monta-</strong></span> 
     </span>
     <span class='ocr_line' id='line_1_17' title="bbox 188 1997 1394 2097; baseline 0.001 -27"><span class='ocrx_word' id='word_1_90' title='bbox 188 1999 337 2070; x_wconf 85' lang='lat' dir='ltr'><strong>nisticae</strong></span> <span class='ocrx_word' id='word_1_91' title='bbox 356 1997 554 2094; x_wconf 83' lang='lat' dir='ltr'><strong>Collegium</strong></span> <span class='ocrx_word' id='word_1_92' title='bbox 571 2024 636 2097; x_wconf 91' lang='lat' dir='ltr'><strong>per</strong></span> <span class='ocrx_word' id='word_1_93' title='bbox 662 2000 868 2073; x_wconf 88' lang='lat' dir='ltr'><strong>inferiorern</strong></span> <span class='ocrx_word' id='word_1_94' title='bbox 885 1997 1101 2091; x_wconf 91' lang='lat' dir='ltr'><strong>Hungariam</strong></span> <span class='ocrx_word' id='word_1_95' title='bbox 1127 2003 1290 2087; x_wconf 89' lang='lat' dir='ltr'><strong>sustinet,</strong></span> <span class='ocrx_word' id='word_1_96' title='bbox 1319 2003 1394 2071; x_wconf 92' lang='lat' dir='ltr'><strong>iis-</strong></span> 
     </span>
    </p>
   </div>
   <div class='ocr_carea' id='block_1_6' title="bbox 187 2100 1394 3010">
    <p class='ocr_par' dir='ltr' id='par_1_6' title="bbox 187 2100 1394 3010">
     <span class='ocr_line' id='line_1_18' title="bbox 190 2100 1394 2197; baseline 0.001 -25"><span class='ocrx_word' id='word_1_97' title='bbox 190 2101 268 2172; x_wconf 92' lang='lat' dir='ltr'><strong>dem</strong></span> <span class='ocrx_word' id='word_1_98' title='bbox 285 2100 395 2196; x_wconf 92' lang='lat' dir='ltr'><strong>pollet</strong></span> <span class='ocrx_word' id='word_1_99' title='bbox 423 2105 459 2175; x_wconf 88' lang='lat' dir='ltr'><strong>in</strong></span> <span class='ocrx_word' id='word_1_100' title='bbox 484 2102 663 2197; x_wconf 86' lang='lat' dir='ltr'><strong>Hungaria</strong></span> <span class='ocrx_word' id='word_1_101' title='bbox 693 2105 868 2197; x_wconf 86' lang='lat' dir='ltr'><strong>superiori</strong></span> <span class='ocrx_word' id='word_1_102' title='bbox 885 2100 1150 2194; x_wconf 87' lang='lat' dir='ltr'><strong>lnspectoratus</strong></span> <span class='ocrx_word' id='word_1_103' title='bbox 1171 2101 1394 2176; x_wconf 86' lang='lat' dir='ltr'><strong>Szomolno-</strong></span> 
     </span>
     <span class='ocr_line' id='line_1_19' title="bbox 188 2202 1393 2303; baseline 0.001 -30"><span class='ocrx_word' id='word_1_104' title='bbox 188 2202 337 2293; x_wconf 75' lang='lat' dir='ltr'><strong>hiensis,</strong></span> <span class='ocrx_word' id='word_1_105' title='bbox 366 2214 401 2276; x_wconf 94' lang='lat' dir='ltr'><strong>et</strong></span> <span class='ocrx_word' id='word_1_106' title='bbox 421 2203 527 2300; x_wconf 77' lang='lat' dir='ltr'><strong>Nagy</strong></span> <span class='ocrx_word' id='word_1_107' title='bbox 553 2205 775 2303; x_wconf 75' lang='lat' dir='ltr'><strong>Btnyensie3</strong></span> <span class='ocrx_word' id='word_1_108' title='bbox 804 2207 839 2273; x_wconf 91' lang='lat' dir='ltr'><strong>in</strong></span> <span class='ocrx_word' id='word_1_109' title='bbox 861 2207 1010 2296; x_wconf 90' lang='lat' dir='ltr'><strong>regione</strong></span> <span class='ocrx_word' id='word_1_110' title='bbox 1037 2225 1148 2292; x_wconf 88' lang='lat' dir='ltr'><strong>vero,</strong></span> <span class='ocrx_word' id='word_1_111' title='bbox 1186 2227 1289 2300; x_wconf 88' lang='lat' dir='ltr'><strong>quarn</strong></span> <span class='ocrx_word' id='word_1_112' title='bbox 1313 2203 1393 2275; x_wconf 91' lang='lat' dir='ltr'><strong>Ba-</strong></span> 
     </span>
     <span class='ocr_line' id='line_1_20' title="bbox 187 2304 1393 2395; baseline -0.002 -17"><span class='ocrx_word' id='word_1_113' title='bbox 187 2315 307 2378; x_wconf 89' lang='lat' dir='ltr'><strong>natum</strong></span> <span class='ocrx_word' id='word_1_114' title='bbox 336 2306 474 2395; x_wconf 89' lang='lat' dir='ltr'><strong>dixere,</strong></span> <span class='ocrx_word' id='word_1_115' title='bbox 501 2307 659 2380; x_wconf 91' lang='lat' dir='ltr'><strong>Direetio</strong></span> <span class='ocrx_word' id='word_1_116' title='bbox 679 2307 846 2378; x_wconf 89' lang='lat' dir='ltr'><strong>Montana</strong></span> <span class='ocrx_word' id='word_1_117' title='bbox 865 2305 1130 2395; x_wconf 85' lang='lat' dir='ltr'><strong>Oraviczensis,</strong></span> <span class='ocrx_word' id='word_1_118' title='bbox 1157 2304 1215 2377; x_wconf 82' lang='lat' dir='ltr'><strong>uti</strong></span> <span class='ocrx_word' id='word_1_119' title='bbox 1236 2305 1279 2376; x_wconf 93' lang='lat' dir='ltr'><strong>ad</strong></span> <span class='ocrx_word' id='word_1_120' title='bbox 1298 2329 1393 2376; x_wconf 90' lang='lat' dir='ltr'><strong>nor-</strong></span> 
     </span>
     <span class='ocr_line' id='line_1_21' title="bbox 188 2405 1392 2504; baseline -0.001 -24"><span class='ocrx_word' id='word_1_121' title='bbox 188 2429 279 2480; x_wconf 88' lang='lat' dir='ltr'><strong>mam</strong></span> <span class='ocrx_word' id='word_1_122' title='bbox 303 2405 380 2479; x_wconf 89' lang='lat' dir='ltr'><strong>fere</strong></span> <span class='ocrx_word' id='word_1_123' title='bbox 401 2405 732 2504; x_wconf 82' lang='lat' dir='ltr'><strong>Camergrnphiatns</strong></span> <span class='ocrx_word' id='word_1_124' title='bbox 756 2408 1091 2496; x_wconf 85' lang='lat' dir='ltr'><strong>Schemnic&#39;nfensis,</strong></span> <span class='ocrx_word' id='word_1_125' title='bbox 1119 2411 1172 2478; x_wconf 89' lang='lat' dir='ltr'><strong>rei</strong></span> <span class='ocrx_word' id='word_1_126' title='bbox 1201 2418 1392 2480; x_wconf 86' lang='lat' dir='ltr'><strong>montanae</strong></span> 
     </span>
     <span class='ocr_line' id='line_1_22' title="bbox 190 2507 1391 2604; baseline 0 -23"><span class='ocrx_word' id='word_1_127' title='bbox 190 2508 395 2604; x_wconf 84' lang='lat' dir='ltr'><strong>dirigendae</strong></span> <span class='ocrx_word' id='word_1_128' title='bbox 415 2512 649 2600; x_wconf 76' lang='lat' dir='ltr'><strong>decessores,</strong></span> <span class='ocrx_word' id='word_1_129' title='bbox 677 2512 750 2582; x_wconf 90' lang='lat' dir='ltr'><strong>suis</strong></span> <span class='ocrx_word' id='word_1_130' title='bbox 780 2531 857 2580; x_wconf 86' lang='lat' dir='ltr'><strong>cunr</strong></span> <span class='ocrx_word' id='word_1_131' title='bbox 873 2507 1081 2596; x_wconf 75' lang='lat' dir='ltr'><strong>Praefectis,</strong></span> <span class='ocrx_word' id='word_1_132' title='bbox 1108 2509 1168 2580; x_wconf 90' lang='lat' dir='ltr'><strong>vel</strong></span> <span class='ocrx_word' id='word_1_133' title='bbox 1185 2510 1391 2582; x_wconf 89' lang='lat' dir='ltr'><strong>Directori-</strong></span> 
     </span>
     <span class='ocr_line' id='line_1_23' title="bbox 188 2610 1390 2708; baseline -0.001 -25"><span class='ocrx_word' id='word_1_134' title='bbox 188 2612 253 2683; x_wconf 90' lang='lat' dir='ltr'><strong>bus</strong></span> <span class='ocrx_word' id='word_1_135' title='bbox 281 2623 425 2708; x_wconf 90' lang='lat' dir='ltr'><strong>praesto</strong></span> <span class='ocrx_word' id='word_1_136' title='bbox 453 2624 544 2687; x_wconf 89' lang='lat' dir='ltr'><strong>sunt.</strong></span> <span class='ocrx_word' id='word_1_137' title='bbox 588 2613 786 2686; x_wconf 85' lang='lat' dir='ltr'><strong>Universae</strong></span> <span class='ocrx_word' id='word_1_138' title='bbox 817 2621 932 2682; x_wconf 88' lang='lat' dir='ltr'><strong>autern</strong></span> <span class='ocrx_word' id='word_1_139' title='bbox 961 2611 1028 2682; x_wconf 89' lang='lat' dir='ltr'><strong>hae</strong></span> <span class='ocrx_word' id='word_1_140' title='bbox 1055 2610 1390 2684; x_wconf 87' lang='lat' dir='ltr'><strong>Administrationes</strong></span> 
     </span>
     <span class='ocr_line' id='line_1_24' title="bbox 188 2707 1391 2808; baseline 0.002 -24"><span class='ocrx_word' id='word_1_141' title='bbox 188 2717 225 2786; x_wconf 89' lang='lat' dir='ltr'><strong>in</strong></span> <span class='ocrx_word' id='word_1_142' title='bbox 252 2718 481 2804; x_wconf 87' lang='lat' dir='ltr'><strong>monetariis,</strong></span> <span class='ocrx_word' id='word_1_143' title='bbox 515 2726 551 2788; x_wconf 92' lang='lat' dir='ltr'><strong>et</strong></span> <span class='ocrx_word' id='word_1_144' title='bbox 587 2715 839 2808; x_wconf 89' lang='lat' dir='ltr'><strong>metallurgicie</strong></span> <span class='ocrx_word' id='word_1_145' title='bbox 872 2713 988 2784; x_wconf 92' lang='lat' dir='ltr'><strong>medio</strong></span> <span class='ocrx_word' id='word_1_146' title='bbox 1032 2707 1204 2784; x_wconf 77' lang='lat' dir='ltr'><strong>Gamerae</strong></span> <span class='ocrx_word' id='word_1_147' title='bbox 1240 2714 1391 2787; x_wconf 89' lang='lat' dir='ltr'><strong>Aulicae</strong></span> 
     </span>
     <span class='ocr_line' id='line_1_25' title="bbox 188 2814 1391 2909; baseline -0.003 -21"><span class='ocrx_word' id='word_1_148' title='bbox 188 2816 404 2888; x_wconf 89' lang='lat' dir='ltr'><strong>Viennensis</strong></span> <span class='ocrx_word' id='word_1_149' title='bbox 436 2816 571 2886; x_wconf 91' lang='lat' dir='ltr'><strong>directe</strong></span> <span class='ocrx_word' id='word_1_150' title='bbox 592 2815 737 2887; x_wconf 91' lang='lat' dir='ltr'><strong>ordines</strong></span> <span class='ocrx_word' id='word_1_151' title='bbox 761 2834 847 2887; x_wconf 91' lang='lat' dir='ltr'><strong>suos</strong></span> <span class='ocrx_word' id='word_1_152' title='bbox 867 2818 1053 2909; x_wconf 88' lang='lat' dir='ltr'><strong>recipiunt.</strong></span> <span class='ocrx_word' id='word_1_153' title='bbox 1090 2814 1226 2888; x_wconf 88' lang='lat' dir='ltr'><strong>Judicia</strong></span> <span class='ocrx_word' id='word_1_154' title='bbox 1245 2816 1391 2889; x_wconf 86' lang='lat' dir='ltr'><strong>lllonta-</strong></span> 
     </span>
     <span class='ocr_line' id='line_1_26' title="bbox 189 2915 747 3010; baseline -0.009 -19"><span class='ocrx_word' id='word_1_155' title='bbox 189 2917 316 2991; x_wconf 86' lang='lat' dir='ltr'><strong>nietica</strong></span> <span class='ocrx_word' id='word_1_156' title='bbox 343 2915 491 2988; x_wconf 88' lang='lat' dir='ltr'><strong>inferius</strong></span> <span class='ocrx_word' id='word_1_157' title='bbox 521 2919 747 3010; x_wconf 77' lang='lat' dir='ltr'><strong>attingantur.</strong></span> 
     </span>
    </p>
   </div>
   <div class='ocr_carea' id='block_1_7' title="bbox 473 3090 1134 3312">
    <p class='ocr_par' dir='ltr' id='par_1_7' title="bbox 473 3090 1134 3312">
     <span class='ocr_line' id='line_1_27' title="bbox 741 3092 864 3165; baseline 0 -5"><span class='ocrx_word' id='word_1_158' title='bbox 741 3145 749 3160; x_wconf 94' lang='lat'><strong>.</strong></span> <span class='ocrx_word' id='word_1_159' title='bbox 779 3092 864 3165; x_wconf 76' lang='lat'><strong>725.</strong></span> 
     </span>
     <span class='ocr_line' id='line_1_28' title="bbox 473 3090 1134 3312; baseline 0.002 -23"><span class='ocrx_word' id='word_1_160' title='bbox 473 3220 533 3290; x_wconf 86' lang='lat' dir='ltr'><strong>De</strong></span> <span class='ocrx_word' id='word_1_161' title='bbox 559 3090 791 3310; x_wconf 72' lang='lat' dir='ltr'><strong>oyendz&#39;s§e0</strong></span> <span class='ocrx_word' id='word_1_162' title='bbox 817 3219 1100 3312; x_wconf 68' lang='lat' dir='ltr'><strong>pertenentibus.</strong></span> <span class='ocrx_word' id='word_1_163' title='bbox 1131 3237 1134 3242; x_wconf 90' lang='grc'><em>·</em></span> 
     </span>
    </p>
   </div>
   <div class='ocr_carea' id='block_1_8' title="bbox 188 3365 1390 4475">
    <p class='ocr_par' dir='ltr' id='par_1_8' title="bbox 188 3365 1390 4475">
     <span class='ocr_line' id='line_1_29' title="bbox 291 3365 1389 3464; baseline 0.002 -28"><span class='ocrx_word' id='word_1_164' title='bbox 291 3365 424 3436; x_wconf 88' lang='lat' dir='ltr'><strong>Horum</strong></span> <span class='ocrx_word' id='word_1_165' title='bbox 452 3365 695 3438; x_wconf 88' lang='lat' dir='ltr'><strong>Institutorum</strong></span> <span class='ocrx_word' id='word_1_166' title='bbox 723 3385 874 3460; x_wconf 91' lang='lat' dir='ltr'><strong>scopus,</strong></span> <span class='ocrx_word' id='word_1_167' title='bbox 918 3370 1035 3439; x_wconf 90' lang='lat' dir='ltr'><strong>munia</strong></span> <span class='ocrx_word' id='word_1_168' title='bbox 1064 3377 1100 3439; x_wconf 91' lang='lat' dir='ltr'><strong>et</strong></span> <span class='ocrx_word' id='word_1_169' title='bbox 1129 3367 1244 3442; x_wconf 85' lang='lat' dir='ltr'><strong>officia</strong></span> <span class='ocrx_word' id='word_1_170' title='bbox 1272 3367 1389 3464; x_wconf 84' lang='lat' dir='ltr'><strong>qualia</strong></span> 
     </span>
     <span class='ocr_line' id='line_1_30' title="bbox 190 3465 1390 3563; baseline 0.001 -24"><span class='ocrx_word' id='word_1_171' title='bbox 190 3470 272 3556; x_wconf 87' lang='lat' dir='ltr'><strong>sint,</strong></span> <span class='ocrx_word' id='word_1_172' title='bbox 301 3490 347 3540; x_wconf 87' lang='lat' dir='ltr'><strong>ex</strong></span> <span class='ocrx_word' id='word_1_173' title='bbox 366 3473 444 3563; x_wconf 92' lang='lat' dir='ltr'><strong>ipsa</strong></span> <span class='ocrx_word' id='word_1_174' title='bbox 465 3469 605 3540; x_wconf 91' lang='lat' dir='ltr'><strong>illorum</strong></span> <span class='ocrx_word' id='word_1_175' title='bbox 638 3465 875 3563; x_wconf 82' lang='lat' dir='ltr'><strong>explicatione</strong></span> <span class='ocrx_word' id='word_1_176' title='bbox 898 3471 971 3559; x_wconf 87' lang='lat' dir='ltr'><strong>jam</strong></span> <span class='ocrx_word' id='word_1_177' title='bbox 1002 3471 1224 3543; x_wconf 89' lang='lat' dir='ltr'><strong>inclarescit:</strong></span> <span class='ocrx_word' id='word_1_178' title='bbox 1262 3472 1289 3542; x_wconf 91' lang='lat' dir='ltr'><strong>l.</strong></span> <span class='ocrx_word' id='word_1_179' title='bbox 1311 3469 1390 3541; x_wconf 83' lang='lat' dir='ltr'><strong>Ou-</strong></span> 
     </span>
     <span class='ocr_line' id='line_1_31' title="bbox 188 3570 1388 3666; baseline 0.003 -26"><span class='ocrx_word' id='word_1_180' title='bbox 188 3590 270 3642; x_wconf 87' lang='lat' dir='ltr'><strong>rare</strong></span> <span class='ocrx_word' id='word_1_181' title='bbox 289 3572 425 3643; x_wconf 87' lang='lat' dir='ltr'><strong>scilicet</strong></span> <span class='ocrx_word' id='word_1_182' title='bbox 445 3570 714 3664; x_wconf 90' lang='lat' dir='ltr'><strong>diligentissime</strong></span> <span class='ocrx_word' id='word_1_183' title='bbox 736 3574 864 3660; x_wconf 89' lang='lat' dir='ltr'><strong>omnia,</strong></span> <span class='ocrx_word' id='word_1_184' title='bbox 899 3593 989 3664; x_wconf 88' lang='lat' dir='ltr'><strong>quae</strong></span> <span class='ocrx_word' id='word_1_185' title='bbox 1014 3578 1194 3666; x_wconf 88' lang='lat' dir='ltr'><strong>pertinent</strong></span> <span class='ocrx_word' id='word_1_186' title='bbox 1221 3574 1265 3644; x_wconf 87' lang='lat' dir='ltr'><strong>ad</strong></span> <span class='ocrx_word' id='word_1_187' title='bbox 1289 3572 1388 3644; x_wconf 92' lang='lat' dir='ltr'><strong>fodi·-</strong></span> 
     </span>
     <span class='ocr_line' id='line_1_32' title="bbox 190 3671 1384 3761; baseline 0 -19"><span class='ocrx_word' id='word_1_188' title='bbox 190 3693 267 3761; x_wconf 89' lang='lat' dir='ltr'><strong>nas,</strong></span> <span class='ocrx_word' id='word_1_189' title='bbox 297 3682 332 3743; x_wconf 90' lang='lat' dir='ltr'><strong>et</strong></span> <span class='ocrx_word' id='word_1_190' title='bbox 357 3673 693 3746; x_wconf 86' lang='lat' dir='ltr'><strong>administrationem</strong></span> <span class='ocrx_word' id='word_1_191' title='bbox 720 3671 899 3744; x_wconf 91' lang='lat' dir='ltr'><strong>Bonorum</strong></span> <span class='ocrx_word' id='word_1_192' title='bbox 929 3673 1384 3748; x_wconf 83' lang='lat' dir='ltr'><strong>Montano-Cameralium.</strong></span> 
     </span>
     <span class='ocr_line' id='line_1_33' title="bbox 189 3772 1386 3870; baseline 0.004 -25"><span class='ocrx_word' id='word_1_193' title='bbox 189 3773 233 3846; x_wconf 90' lang='lat' dir='ltr'><strong>lt.</strong></span> <span class='ocrx_word' id='word_1_194' title='bbox 263 3772 302 3843; x_wconf 95' lang='lat' dir='ltr'><strong>ln</strong></span> <span class='ocrx_word' id='word_1_195' title='bbox 322 3773 445 3845; x_wconf 88' lang='lat' dir='ltr'><strong>ordine</strong></span> <span class='ocrx_word' id='word_1_196' title='bbox 472 3779 656 3846; x_wconf 90' lang='lat' dir='ltr'><strong>continere</strong></span> <span class='ocrx_word' id='word_1_197' title='bbox 686 3796 814 3870; x_wconf 88' lang='lat' dir='ltr'><strong>operas</strong></span> <span class='ocrx_word' id='word_1_198' title='bbox 840 3798 911 3847; x_wconf 89' lang='lat' dir='ltr'><strong>non</strong></span> <span class='ocrx_word' id='word_1_199' title='bbox 935 3781 1054 3869; x_wconf 89' lang='lat' dir='ltr'><strong>regiae</strong></span> <span class='ocrx_word' id='word_1_200' title='bbox 1084 3777 1196 3848; x_wconf 91' lang='lat' dir='ltr'><strong>solum</strong></span> <span class='ocrx_word' id='word_1_201' title='bbox 1229 3778 1386 3867; x_wconf 89' lang='lat' dir='ltr'><strong>cujusvis</strong></span> 
     </span>
     <span class='ocr_line' id='line_1_34' title="bbox 191 3874 1388 3972; baseline 0.002 -26"><span class='ocrx_word' id='word_1_202' title='bbox 191 3874 431 3968; x_wconf 80' lang='lat' dir='ltr'><strong>cathegorias,</strong></span> <span class='ocrx_word' id='word_1_203' title='bbox 461 3875 525 3948; x_wconf 91' lang='lat' dir='ltr'><strong>sed</strong></span> <span class='ocrx_word' id='word_1_204' title='bbox 550 3880 651 3947; x_wconf 87' lang='lat' dir='ltr'><strong>etiarn</strong></span> <span class='ocrx_word' id='word_1_205' title='bbox 677 3880 894 3972; x_wconf 83' lang='lat' dir='ltr'><strong>privatorum</strong></span> <span class='ocrx_word' id='word_1_206' title='bbox 922 3878 1196 3968; x_wconf 88' lang='lat' dir='ltr'><strong>metallicorum,</strong></span> <span class='ocrx_word' id='word_1_207' title='bbox 1240 3878 1388 3949; x_wconf 87' lang='lat' dir='ltr'><strong>horum-</strong></span> 
     </span>
     <span class='ocr_line' id='line_1_35' title="bbox 190 3979 1387 4077; baseline 0.002 -30"><span class='ocrx_word' id='word_1_208' title='bbox 190 3999 258 4072; x_wconf 89' lang='lat' dir='ltr'><strong>que</strong></span> <span class='ocrx_word' id='word_1_209' title='bbox 279 3981 485 4068; x_wconf 90' lang='lat' dir='ltr'><strong>societates,</strong></span> <span class='ocrx_word' id='word_1_210' title='bbox 513 3986 617 4072; x_wconf 91' lang='lat' dir='ltr'><strong>atque</strong></span> <span class='ocrx_word' id='word_1_211' title='bbox 647 3979 841 4050; x_wconf 89' lang='lat' dir='ltr'><strong>eorundem</strong></span> <span class='ocrx_word' id='word_1_212' title='bbox 871 3979 951 4053; x_wconf 89' lang='lat' dir='ltr'><strong>lites</strong></span> <span class='ocrx_word' id='word_1_213' title='bbox 980 3983 1181 4077; x_wconf 88' lang='lat' dir='ltr'><strong>consopire.</strong></span> <span class='ocrx_word' id='word_1_214' title='bbox 1203 3980 1269 4051; x_wconf 91' lang='grc' dir='ltr'>ἸΙΙ.</span> <span class='ocrx_word' id='word_1_215' title='bbox 1306 3979 1387 4050; x_wconf 85' lang='lat' dir='ltr'><strong>Ad-</strong></span> 
     </span>
     <span class='ocr_line' id='line_1_36' title="bbox 188 4076 1387 4176; baseline 0 -24"><span class='ocrx_word' id='word_1_216' title='bbox 188 4078 340 4172; x_wconf 84' lang='lat' dir='ltr'><strong>vigilare</strong></span> <span class='ocrx_word' id='word_1_217' title='bbox 359 4082 414 4150; x_wconf 90' lang='lat' dir='ltr'><strong>rei</strong></span> <span class='ocrx_word' id='word_1_218' title='bbox 436 4076 614 4168; x_wconf 87' lang='lat' dir='ltr'><strong>fusoriae,</strong></span> <span class='ocrx_word' id='word_1_219' title='bbox 643 4085 829 4171; x_wconf 90' lang='lat' dir='ltr'><strong>cusoriae,</strong></span> <span class='ocrx_word' id='word_1_220' title='bbox 861 4085 1072 4174; x_wconf 87' lang='lat' dir='ltr'><strong>incisoriae,</strong></span> <span class='ocrx_word' id='word_1_221' title='bbox 1110 4086 1274 4176; x_wconf 89' lang='lat' dir='ltr'><strong>omnique</strong></span> <span class='ocrx_word' id='word_1_222' title='bbox 1303 4081 1387 4153; x_wconf 88' lang='grc' dir='ltr'><strong>Μο-</strong></span> 
     </span>
     <span class='ocr_line' id='line_1_37' title="bbox 189 4179 1385 4278; baseline 0.005 -27"><span class='ocrx_word' id='word_1_223' title='bbox 189 4190 351 4252; x_wconf 86' lang='lat' dir='ltr'><strong>netarum</strong></span> <span class='ocrx_word' id='word_1_224' title='bbox 380 4179 612 4254; x_wconf 90' lang='lat' dir='ltr'><strong>fabricationi.</strong></span> <span class='ocrx_word' id='word_1_225' title='bbox 660 4183 720 4256; x_wconf 89' lang='lat' dir='ltr'><strong>IV.</strong></span> <span class='ocrx_word' id='word_1_226' title='bbox 755 4183 945 4278; x_wconf 89' lang='lat' dir='ltr'><strong>Recipere,</strong></span> <span class='ocrx_word' id='word_1_227' title='bbox 983 4209 1024 4256; x_wconf 87' lang='lat' dir='ltr'><strong>ac</strong></span> <span class='ocrx_word' id='word_1_228' title='bbox 1057 4185 1217 4277; x_wconf 90' lang='lat' dir='ltr'><strong>judicare</strong></span> <span class='ocrx_word' id='word_1_229' title='bbox 1248 4205 1385 4277; x_wconf 83' lang='lat' dir='ltr'><strong>causas,</strong></span> 
     </span>
     <span class='ocr_line' id='line_1_38' title="bbox 190 4282 1383 4388; baseline 0.013 -41"><span class='ocrx_word' id='word_1_230' title='bbox 190 4302 280 4372; x_wconf 88' lang='lat' dir='ltr'><strong>quae</strong></span> <span class='ocrx_word' id='word_1_231' title='bbox 312 4304 331 4351; x_wconf 91' lang='lat' dir='ltr'><strong>a</strong></span> <span class='ocrx_word' id='word_1_232' title='bbox 358 4282 509 4355; x_wconf 87' lang='lat' dir='ltr'><strong>caeteris</strong></span> <span class='ocrx_word' id='word_1_233' title='bbox 547 4283 738 4366; x_wconf 87' lang='lat' dir='ltr'><strong>minoribus</strong></span> <span class='ocrx_word' id='word_1_234' title='bbox 767 4285 1032 4377; x_wconf 86' lang='lat' dir='ltr'><strong>Tribunalibns,</strong></span> <span class='ocrx_word' id='word_1_235' title='bbox 1089 4311 1131 4359; x_wconf 86' lang='lat' dir='ltr'><strong>ac</strong></span> <span class='ocrx_word' id='word_1_236' title='bbox 1165 4284 1383 4388; x_wconf 80' lang='lat' dir='ltr'><strong>civitatibus,</strong></span> 
     </span>
     <span class='ocr_line' id='line_1_39' title="bbox 191 4379 918 4475; baseline 0.007 -23"><span class='ocrx_word' id='word_1_237' title='bbox 191 4379 407 4475; x_wconf 89' lang='lat' dir='ltr'><strong>Oppidieqnc</strong></span> <span class='ocrx_word' id='word_1_238' title='bbox 428 4382 606 4456; x_wconf 86' lang='lat' dir='ltr'><strong>Montanis</strong></span> <span class='ocrx_word' id='word_1_239' title='bbox 635 4406 679 4459; x_wconf 91' lang='lat' dir='ltr'><strong>eo</strong></span> <span class='ocrx_word' id='word_1_240' title='bbox 702 4384 918 4458; x_wconf 90' lang='lat' dir='ltr'><strong>deferuntur.</strong></span> 
     </span>
    </p>
   </div>
   <div class='ocr_carea' id='block_1_9' title="bbox 0 0 1557 4868">
    <p class='ocr_par' dir='ltr' id='par_1_9' title="bbox 0 0 1557 4868">
     <span class='ocr_line' id='line_1_40' title="bbox 0 0 1557 4868; baseline 0 0"><span class='ocrx_word' id='word_1_241' title='bbox 0 0 1557 4868; x_wconf 95' lang='lat' dir='ltr'><strong> </strong></span> 
     </span>
    </p>
   </div>
  </div>
 </body>
</html>
