3158 4864
194 255 265 327 172

189 421 414 516 negotiorum
432 422 649 520 publicorum
673 421 914 520 quorundam,
938 424 1240 524 J'uridiccrumque
1263 423 1385 498 direc-

188 526 322 595 tionem
350 525 394 622 ad
422 547 502 596 eum
520 527 740 619 potissimum
767 531 958 624 pertinere.
987 527 1073 600 Inde
1096 528 1200 600 facile
1224 537 1382 624 repetes,

190 647 252 695 cur
266 627 368 718 leges
386 637 551 714 statuant,
568 636 606 697 ut
624 625 864 702 duramentum
877 628 969 720 Regi
986 652 1106 704 coram
1124 630 1304 724 deponere
1335 631 1382 720 ⁸),

157 809 160 813 ,
190 736 226 798 et
250 727 426 798 ordinarie
447 731 484 798 in
500 728 636 820 Regnis
655 731 724 804 illis
744 732 904 804 residere
928 733 974 802 sit
996 730 1187 805 obstrictus
1217 731 1267 822 l),
1289 731 1382 824 quod

190 832 221 900 si
239 851 328 902 vero
352 851 459 900 causa
479 829 708 924 Reipublicae
728 853 882 929 peregre
901 833 937 900 in
965 833 1107 926 longius
1132 841 1270 928 tempus
1288 855 1382 904 avo-

190 938 301 1018 cetur,
319 929 632 1004 Locumtenentem
649 935 765 1007 Ollicii
782 941 1033 1027 consequatur,
1056 939 1110 1007 sui
1129 935 1210 1009 loco
1233 935 1383 1030 agenda,

190 1030 314 1105 demtis
331 1035 388 1122 iis,
407 1057 498 1129 quae
512 1033 675 1108 militaria
694 1047 787 1127 sunt,
806 1045 1087 1132 prosecuturum.

732 1215 740 1232 .
769 1163 855 1236 235.

512 1288 558 1362 ln
584 1308 628 1359 re
655 1163 871 1380 ccdaprimtb
896 1287 1078 1388 auritteret·

290 1407 331 1482 ln
360 1429 402 1482 re
432 1419 548 1483 autem
570 1411 711 1484 militari
738 1434 786 1485 ex
806 1415 923 1487 veteri
936 1412 1010 1504 jam
1033 1416 1192 1487 instituto
1217 1416 1397 1510 imprimis·

188 1515 381 1607 conspicua
412 1513 444 1602 ⁰)
464 1513 553 1586 Beni
573 1517 791 1602 auctoritas,
818 1519 1010 1610 praecipue
1032 1515 1076 1586 ad
1093 1519 1146 1588 sic
1168 1513 1296 1588 dictum
1317 1518 1386 1589 Di-

189 1617 348 1686 strictum
374 1611 565 1700 Banalem,
592 1613 815 1707 Banalesque
844 1615 1023 1706 Legiones
1052 1616 1265 1705 extenditur,
1293 1642 1386 1714 qua-

188 1736 265 1786 rum
285 1708 491 1786 Colonellus
511 1714 771 1806 Proprietarius
791 1724 847 1786 est
877 1711 934 1805 ²¹),
963 1723 998 1784 et
1019 1716 1182 1792 militaria
1202 1717 1385 1793 inferioris

188 1815 318 1908 gradus
338 1813 456 1886 officia
478 1836 526 1886 ex
544 1813 737 1908 Privilegio
757 1811 897 1887 confert
928 1818 972 1907 ⁰).
992 1815 1125 1888 Horum
1145 1818 1281 1890 demum
1305 1842 1387 1891 om-

187 1921 282 1989 nium
299 1919 441 1989 nomine
466 1916 659 1988 eorundem
686 1917 890 2012 Regnorum
918 1920 954 1990 in
980 1915 1149 1993 confiniis
1169 1917 1384 2019 Colapianis,

189 2029 225 2094 et
242 2019 401 2094 Vunanis
420 2017 612 2115 Supremus
630 2020 747 2114 Regni
765 2017 977 2118 Capitaneus
999 2021 1105 2095 audit.
1247 2017 1249 2020 ’

372 2254 432 2322 Dc
461 2148 754 2322 Taecrm'eorudd
774 2149 981 2340 Qdessp'attum
1007 2251 1206 2341 Magistro.

251 2415 253 2421 ·
292 2374 479 2447 Exstincto
505 2371 548 2441 ab
575 2395 618 2444 eo
645 2381 827 2465 tempore,
862 2393 932 2465 quo
953 2373 1198 2448 Transilvania
1221 2395 1282 2449 res
1305 2394 1387 2449 suas

190 2479 232 2552 ab
243 2477 422 2568 Hungaria
441 2482 626 2569 separatas
648 2470 780 2542 babere
799 2484 979 2567 coeperat,
998 2475 1184 2566 VaJ‘vodae
1203 2477 1387 2571 dignitate,

190 2588 350 2676 quartum
382 2576 500 2647 locum
527 2577 621 2645 inter
658 2573 775 2668 Regni
809 2574 970 2658 Berones
1009 2578 1387 2652 Tavernicorum

188 2679 440 2775 Regalium
466 2675 693 2770 Magister
721 2675 871 2750 obtinuit
907 2675 949 2769 ¹).
977 2679 1045 2751 Per
1071 2681 1260 2754 obscurum
1282 2681 1386 2772 hujus

189 2781 469 2879 compellationis
514 2777 700 2850 ETVPOV
737 2801 877 2851 avoce
912 2779 1103 2873 hungarica
1130 2785 1212 2874 Tar,
1258 2806 1387 2881 penum

171 2889 267 2962 siue
293 2881 541 2954 collectionem
569 2880 774 2969 denotante,
803 2880 958 2954 derivari
977 2883 1145 2956 credibile
1176 2895 1241 2958 est.
1296 2884 1385 2957 Nam

187 2985 268 3059 inde
291 2985 415 3058 domus
439 2983 612 3078 quondam
644 2986 781 3054 aeraria
804 2983 980 3056 Budensis
1008 2986 1275 3077 Tavernicalis,
1309 2992 1397 3082 rei-¹

188 3113 256 3186 que
293 3088 476 3160 aerarialis
513 3081 741 3174 Administri,
785 3093 869 3180 puta
896 3084 1126 3179 tributorum,
1154 3092 1301 3180 salium,
1334 3093 1388 3164 rei

187 3194 424 3278 monetariae,
459 3197 495 3259 et
524 3207 614 3283 quae
643 3196 723 3260 sunt
748 3195 984 3283 proventuum
1011 3189 1204 3284 Regiorum
1238 3193 1387 3289 reliqua,

188 3295 376 3367 Tavernici
396 3291 557 3382 (Tarnuk
572 3291 691 3361 nativa
718 3288 851 3382 lingva,
880 3292 942 3363 vel
966 3293 1128 3385 Tarnok)
1162 3295 1244 3366 dicti
1270 3293 1386 3386 fuere,

188 3404 225 3468 et
247 3398 306 3491 qui
324 3404 393 3467 tam
414 3391 482 3480 bis,
510 3413 612 3487 quam
634 3391 685 3464 illi
714 3393 940 3488 praepositus
964 3391 1081 3468 fuerat
1118 3395 1304 3490 aliquando
1335 3399 1385 3485 ⁸),

187 3500 303 3574 serius
346 3497 427 3568 dein
462 3493 840 3567 Tavernicorum
875 3494 1122 3590 Regalium
1156 3497 1387 3590 Magister

189 3597 398 3694 (Tarnok
423 3596 621 3686 blester)
653 3595 762 3668 audiit
790 3595 843 3687 ¹¹).
868 3597 963 3672 Ante
985 3600 1153 3674 Andreae
1173 3598 1313 3695 quidem
1341 3597 1385 3672 ll.

191 3717 396 3734 -a—-d

216 3766 244 3832 ⁸)
262 3765 339 3823 ttae.
358 3768 401 3821 73.

214 3835 242 3902 1’)
262 3841 338 3892 1741.
358 3835 497 3890 671762.
517 3833 559 3887 bl.

215 3909 239 3969 ο)
257 3902 385 3974 Desuper
400 3908 454 3959 ald.
473 3920 611 3959 numeros.
630 3905 682 3967 leg.
705 3903 739 3956 da
757 3906 849 3960 Banali
871 3909 943 3976 dign.
966 3913 993 3964 ln
1010 3911 1076 3964 cod.
1094 3911 1210 3964 domest

215 3979 240 4046 ¹¹)
261 3981 339 4034 1609.
362 3981 405 4030 27.
432 3983 460 4030 et
484 3979 526 4030 26.
545 3975 623 4028 Geni.
648 3975 736 4041 linge}
753 3971 924 4034 &bombiania
951 3983 998 4035 aab
1017 3977 1097 4047 oete.
1116 3987 1163 4034 boa
1180 3981 1268 4035 Dalm.
1293 3983 1386 4037 creat.

262 4050 311 4102 aab
329 4049 403 4101 slav.
423 4065 447 4114 p
459 4050 519 4100 298.
539 4046 612 4112 Dtpl.
627 4045 696 4095 stat.
716 4047 774 4098 bor.
787 4050 904 4116 Regnor.
924 4055 956 4103 A.
976 4053 1054 4106 1760.
1073 4058 1100 4102 et
1118 4066 1175 4119 arg.
1196 4054 1311 4120 denique
1326 4055 1386 4108 Gar.

264 4119 334 4172 And.
351 4117 409 4170 Bel.
428 4120 477 4184 0p.
497 4119 541 4170 cit.
559 4114 583 4181 6.
604 4117 727 4170 16-18,

218 4188 243 4252 ο)
263 4190 326 4240 Huc
345 4191 426 4242 etiam
445 4189 549 4242 iaciunt
565 4186 611 4240 cit.
630 4199 691 4251 sup.
713 4190 765 4237 art.
784 4187 828 4240 27.
848 4193 876 4242 et
893 4190 935 4243 28.
956 4191 1033 4246 1609.

215 4259 242 4318 f)
262 4260 341 4312 1687.
359 4261 401 4311 70.
715 4279 717 4282 ·

215 4331 246 4468 dd
262 4327 405 4466 didddlnia}
412 4395 485 4453 illst.
503 4395 579 4465 Dlpl.
597 4396 628 4452 P.
646 4395 680 4450 ll.
698 4409 724 4463 p.
741 4395 803 4452 tes.
