3138 4858
280 373 406 420 amaros
429 358 549 422 fructus
570 354 709 436 tulerint,
733 357 802 439 quis
826 363 969 422 nostrum
992 363 1050 436 est,
1073 355 1126 439 qni
1147 375 1211 420 non
1233 355 1394 422 senserit?

281 443 342 506 Sed
365 444 474 506 desino
497 443 656 523 cognitae,
679 453 881 527 expertaeque
903 445 1059 508 communi
1085 443 1253 506 calamitati
1275 445 1392 506 immo-

281 531 366 605 rari,
396 548 490 592 unum
519 527 599 589 illud
630 530 661 591 in
696 531 833 594 salutaro
862 540 1059 611 posterorum
1090 530 1241 592 monitum
1262 529 1392 611 Virgilii

280 614 425 679 adscribo
449 614 516 694 „En
540 632 600 696 quo
624 616 783 680 discordia
807 616 901 695 Cives
923 616 1069 700 perduxit
1091 617 1258 682 miseros.“
1380 615 1388 624 “

715 805 753 892 §.
782 805 869 880 421.

483 954 693 1028 Conventus
703 951 964 1045 particulares
981 957 1112 1048 Requi.

294 1120 445 1197 lndncor
462 1123 534 1193 loci
561 1125 820 1216 oportunitate,
847 1132 887 1196 ut
907 1125 950 1196 de
976 1123 1246 1221 particularibus
1266 1121 1389 1198 Comi-

193 1227 275 1315 tiis,
305 1224 387 1295 olim
414 1223 615 1316 Hungariae
639 1222 732 1296 haud
758 1247 908 1320 prorsus
935 1231 1146 1320 incognitis,
1174 1232 1388 1300 mentionem

191 1325 341 1414 iaciam3
369 1348 460 1421 quae
480 1337 562 1397 tuno
582 1331 812 1398 communiter
841 1329 958 1402 locum
978 1328 1228 1422 sortiebantur,
1247 1329 1388 1425 quando

172 1451 264 1501 ¹non
285 1449 406 1500 omnes
420 1429 502 1517 jure
523 1427 678 1520 suffragii
696 1427 898 1524 pollentes,
926 1431 991 1503 sed
1008 1435 1033 1503 ii
1059 1441 1190 1504 tantum
1210 1436 1268 1527 qui
1288 1430 1389 1502 cele-

192 1534 279 1601 riter
306 1528 428 1600 haberi
464 1537 647 1622 poterant,
685 1533 994 1620 convocabantur,
1023 1532 1156 1604 tardius
1184 1529 1388 1604 Concursus

191 1630 307 1722 Regni
339 1632 480 1701 nomine
507 1632 676 1716 veniunt,
705 1628 917 1724 fueruntque
950 1630 1098 1703 subinde
1118 1633 1295 1704 siccioris
1315 1633 1389 1704 be-

191 1747 272 1824 gum
304 1733 542 1800 recentiorum
570 1728 735 1799 limitibus
771 1729 903 1801 deliniti
934 1731 991 1820 ⁸),
1028 1740 1066 1801 ut
1100 1734 1243 1802 nonnisi
1271 1732 1388 1802 locum

190 1831 384 1918 baberent,
413 1830 492 1901 dum
511 1831 676 1923 inopinae
696 1832 902 1924 irruptionis
927 1829 1089 1922 hostilis,
1116 1831 1177 1905 vel
1204 1833 1388 1927 improvisi

192 1933 373 2024 flagrantis
409 1929 494 2002 belli
525 1933 616 2001 ratio
654 1930 804 2002 diaetam
830 1929 1013 2004 celebrare
1049 1930 1216 2027 impedit3
1254 1932 1388 2026 absque
1503 1985 1505 1989 .

192 2056 282 2110 vero
311 2056 410 2105 mora
439 2033 586 2106 consilia
615 2035 709 2104 circa
736 2032 914 2124 objectum
939 2031 1219 2108 Contributionis
1238 2032 1388 2108 ineunda

191 2139 321 2211 forent.
345 2137 432 2208 Tum
451 2138 634 2208 enimvero
653 2147 796 2228 praeter
814 2134 1027 2224 Palatinum,
1046 2133 1162 2228 Regni
1180 2133 1388 2224 Primatem3

193 2253 229 2313 et
257 2240 440 2324 Berones,
469 2235 601 2308 Tabula
631 2258 771 2330 quoqne
799 2234 912 2330 Regia
937 2235 1152 2324 ludiciaria,
1181 2235 1387 2326 Comitatus,

194 2353 230 2416 et
249 2341 418 2412 Civitates
445 2341 587 2429 regiae,
624 2357 693 2429 quo
721 2337 984 2430 frequentiores
1002 2339 1093 2408 intra
1120 2336 1236 2430 Regni
1259 2339 1388 2411 limites

194 2441 401 2528 coadunati,
420 2440 582 2532 praecise
602 2437 645 2507 de
664 2437 732 2507 hoo
752 2436 893 2526 objecto
914 2441 1078 2533 cognita,
1098 2443 1287 2536 agnitaque
1307 2439 1389 2512 sul-

193 2545 324 2616 licienti
344 2540 466 2613 similis
486 2541 712 2610 necessitatis
732 2560 839 2610 causa
869 2540 1086 2631 deliberare,
1115 2549 1152 2611 et
1170 2540 1393 2613 concludere

95 2666 98 2672 ’
192 2653 368 2741 poterant.
406 2640 504 2726 Quae
531 2638 718 2735 aliquando
744 2641 893 2734 provida
920 2644 1039 2737 legum
1068 2642 1327 2738 dispositione,
1356 2645 1386 2714 si

193 2749 333 2818 comitia
352 2743 540 2837 quotannis
569 2742 799 2816 convocanda
829 2753 951 2835 erunt,
978 2745 1065 2834 vix,
1094 2767 1137 2816 ac
1161 2765 1206 2817 ne
1224 2747 1288 2818 vix
1306 2745 1388 2838 qui-

195 2845 273 2918 dem
291 2845 407 2917 locum
426 2844 577 2938 capient.

712 3048 749 3135 §.
778 3048 864 3122 422.

529 3221 773 3314 Parta'amqac
795 3221 1043 3294 adnexarum.
1063 3229 1067 3235 '

202 3467 205 3476 ,
293 3389 428 3462 Aliines
447 3387 501 3460 his
530 3397 611 3460 sunt
629 3384 834 3462 Conventus
852 3389 1005 3464 Partium
1031 3391 1266 3480 adnexarum,
1297 3389 1385 3462 alias

192 3489 381 3586 generales
399 3489 603 3583 Regnorum
633 3487 939 3584 Congregationes
959 3494 1139 3590 appellati,
1163 3491 1389 3564 celebrantur

175 3591 359 3666 ·Praeside
371 3593 468 3664 Bano
489 3593 533 3663 ad
552 3591 799 3665 elaborandam
817 3614 882 3687 pro
893 3593 1098 3687 Regnorum
1117 3597 1255 3666 illorum
1269 3590 1387 3664 Able-
1433 3615 1435 3618 ·

192 3699 288 3791 gatis
322 3695 617 3782 instructionem,
656 3693 794 3788 hosque
825 3699 925 3788 ipsos
952 3695 1183 3789 deligendos,
1217 3715 1285 3766 nec
1314 3715 1387 3767 non

193 3797 237 3869 ad
255 3794 497 3891 excipiendam
515 3835 566 3845 —
585 3797 768 3866 terminata
786 3798 955 3868 missione
978 3838 1012 3848 -
1040 3797 1261 3885 relationem,
1282 3803 1386 3890 atque

193 3899 421 3972 articulorum
450 3906 615 3967 recenter
647 3897 866 3969 conditorum
896 3899 1226 3993 promulgationem.
1274 3897 1388 3970 Prae-

113 4050 115 4057 ·
191 4012 291 4073 terea
330 3998 374 4070 ad
411 3998 610 4090 eligendum
638 3997 755 4091 Regni
783 4000 1088 4085 Protonotarium3
1126 3998 1390 4092 repartiendam

193 4102 509 4188 contributionem3
554 4099 598 4171 ad
633 4102 951 4198 insurrectionem,
988 4103 1019 4174 si
1054 4097 1196 4171 decreta
1227 4099 1387 4187 babetur,

190 4272 393 4288 ’.ι-..-

212 4333 247 4408 f)
266 4342 342 4394 tait.
361 4341 387 4396 8.
407 4336 485 4394 tali.
503 4338 546 4392 22.
