3144 4860
1308 181 1388 258 115

187 347 296 448 pleoni
318 344 537 443 Coniugibus
553 347 756 422 testimonio
783 344 1064 446 Biogropbormn
1094 351 1126 443 ⁸)
1155 351 1325 428 evineero
1345 373 1408 427 ee.

187 471 300 550 posse
326 453 591 542 existimarunt3
609 452 658 524 ita
680 455 772 524 enim
792 449 835 522 de
846 451 986 525 Saroltn
1006 451 1127 526 seribit
1136 476 1227 532 unus
1238 457 1387 529 istorum

188 564 361 646 „totum
387 555 594 650 Regnum
620 555 716 626 viri
742 556 790 624 in
816 557 1153 646 manutenuit,
1193 568 1238 630 et
1265 580 1386 655 quoe

189 668 352 749 „erent
377 661 484 748 viri,
511 659 624 753 ipsa
651 655 892 750 regebat.“
919 655 1023 729 Alter
1041 656 1084 730 de
1104 657 1237 749 (lisele,
1257 681 1387 754 quom

188 780 444 847 „eoronam
471 768 738 853 gestantem
764 757 956 832 Sosiam
983 780 1090 833 esse
1127 764 1387 834 eonstituit

185 859 348 932 Renenur
377 860 411 951 ¹³)
440 859 529 932 haee
548 861 647 931 initia
674 859 718 931 ad
734 858 971 932 Elisabetham
989 859 1161 937 ludovici
1179 862 1206 935 Ι.
1226 873 1385 953 matrem,

186 962 317 1052 rejicit,
347 961 452 1056 idque
480 961 595 1035 multis
624 961 846 1034 documentis
873 961 1014 1034 ostendi
1043 983 1154 1058 posse
1183 964 1386 1054 contendit3

188 1063 284 1157 quod
309 1065 346 1136 in
375 1063 428 1135 bis
454 1084 653 1136 consensus
679 1067 801 1136 matris
826 1085 898 1136 non
933 1067 1017 1136 item
1053 1062 1225 1159 Gonjugis
1261 1068 1384 1158 regiae

187 1168 320 1238 mentio
364 1163 435 1236 lint.
489 1164 601 1238 Nobis
652 1185 725 1238 non
769 1176 840 1238 tam
875 1169 1041 1255 nominis,
1083 1189 1186 1260 quam
1228 1171 1384 1240 muneris

188 1269 291 1341 istius
333 1269 524 1360 vestigium
552 1266 869 1341 -verosimillimum
916 1267 1080 1362 Diplome
1114 1267 1226 1361 Regis
1262 1269 1383 1360 Sigis-

187 1368 305 1440 mundi
321 1367 485 1464 perhibet
515 1368 546 1458 ⁶)
565 1371 602 1439 in
620 1367 709 1441 haee
724 1367 854 1442 uerba:
877 1369 1063 1460 „volumus
1083 1371 1199 1458 etiam,
1219 1379 1255 1441 et
1272 1391 1384 1464 prae-

56 1497 60 1506 ·
188 1470 374 1562 „sentibus
409 1469 634 1544 nihilominus
670 1471 917 1565 promittimus,
960 1473 1191 1564 praemissam
1225 1480 1385 1543 mestrem

188 1573 449 1663 „Donationem
483 1594 571 1668 per
604 1571 775 1645 dietam
809 1571 1050 1647 Dominam
1076 1571 1270 1644 Marium
1296 1570 1386 1642 Re-

190 1677 366 1769 „ginam
442 1671 721 1748 Gonsortenn
797 1683 1003 1748 nostram
1072 1676 1385 1760 carissimam,

190 1777 394 1873 „quando
423 1799 520 1848 eum
546 1773 710 1848 Eadem
736 1776 964 1848 fuerimus
983 1778 1256 1864 constituti,
1284 1773 1385 1846 Lit-

189 1880 481 1967 „terissuis
521 1876 840 1950 mediantibus
880 1877 1043 1948 faeere
1087 1877 1385 1962 confirmari,

189 1989 263 2067 „et
288 1976 554 2049 roborari.“
580 1976 708 2047 Habuit
731 1980 839 2067 igitur
857 1975 1101 2067 sigismundus
1125 1980 1198 2067 jam
1217 1988 1297 2050 ante
1317 1998 1386 2048 oo-

189 2080 410 2150 ronationem
427 2087 563 2173 partem
592 2076 731 2174 quidem
760 2079 846 2148 satis
873 2077 1020 2170 amplam
1047 2080 1304 2171 imaginine,
1334 2081 1387 2150 sio

189 2189 320 2272 tamen,
339 2187 378 2251 ut
396 2200 485 2275 quae
504 2182 582 2276 ipse
601 2180 858 2269 constituisset,
870 2186 943 2252 turn
955 2176 1092 2252 demum
1108 2189 1185 2252 rata
1203 2177 1335 2267 forent,
1355 2180 1386 2250 si

190 2281 329 2376 Regina
348 2279 605 2357 confirmasset.

717 2383 755 2470 ς.
786 2383 869 2458 143.
930 2341 932 2344 ⁵

395 2486 622 2582 Exemplum
651 2487 924 2577 correpena'oe
948 2487 1208 2562 reeentt’orz'e.'

294 2613 488 2689 Recentius
520 2613 677 2684 muneris
704 2610 808 2682 istius
837 2611 1035 2705 exemplum
1067 2611 1242 2711 proditum
1269 2621 1325 2685 est
1351 2605 1393 2684 in

192 2713 383 2788 Francisoo
402 2714 651 2808 lotharingiae
669 2712 781 2802 Duce,
809 2714 865 2783 oui
883 2712 1104 2787 adsentiente
1122 2711 1260 2808 Regina
1277 2711 1389 2786 Maria

155 2835 162 2842 ’
194 2815 378 2908 Theronis,
397 2818 517 2892 Status
545 2827 582 2888 et
599 2813 749 2889 Ordines
776 2814 893 2908 Regni
921 2811 1164 2910 Corregimem
1199 2826 1235 2889 et
1260 2815 1389 2888 Admi-
1441 2828 1445 2832 “

192 2921 449 3010 nistrationem‚
477 2928 515 2990 ut
531 2919 593 2991 lex
609 2917 764 3014 loquitur
795 2912 842 3008 d)‚
871 2915 1098 2992 haereditarii
1114 2916 1218 3012 hujus
1237 2916 1388 3012 Hungu-

190 3021 266 3092 riae
290 3019 420 3115 Regni,
438 3020 722 3116 aduersorumque
741 3017 1007 3094 Provinciarum
1025 3019 1260 3093 ooneordibus
1278 3023 1389 3108 votis,

193 3132 333 3217 sponte,
353 3145 395 3193 ao
420 3121 546 3213 libere,
576 3121 709 3219 absque
726 3121 797 3194 ulla
826 3125 866 3194 in
884 3115 1044 3222 futurum}
1061 3142 1126 3216 per
1154 3121 1243 3192 alios
1270 3120 1389 3214 Regni

192 3221 296 3314 hujus
323 3222 459 3316 Regios
494 3221 673 3320 Oonjuges
712 3222 881 3297 sumenda
916 3225 1183 3321 consequentia,
1218 3220 1389 3322 salvaque

195 3323 392 3400 omnimode
413 3330 622 3406 auctoritate
640 3326 836 3417 Palatinali‚
865 3325 1077 3402 obtulerunt.

514 3513 639 3628 Certus*
666 3453 752 3628 eol
770 3454 1069 3626 delaldzttomtus.

283 3679 413 3754 vDeluti
427 3682 584 3752 muneris
610 3675 832 3752 conditiones
862 3673 985 3747 eodem
1006 3675 1089 3768 lege
1108 3693 1305 3771 enpressue
1323 3667 1390 3750 sel·

195 3793 345 3879 quentes
363 3781 486 3854 fuere:
505 3781 532 3852 l.
552 3779 585 3853 N
588 3803 607 3852 e
627 3779 813 3876 quidquam
830 3777 909 3868 ejus
928 3777 1106 3850 deletione
1125 3777 1281 3851 ardeatis
1303 3781 1334 3849 1.
1356 3785 1393 3850 et

196 3889 230 3959 2.
243 3885 387 3957 Deereti
405 3886 506 3980 primi
519 3884 642 3973 tate,
663 3903 728 3954 seu
746 3883 839 3953 eirea
871 3878 1203 3977 inseparabilitatem
1222 3877 1392 3950 haeredi-

195 3992 361 4059 tariarum
378 3985 654 4076 Provinciarum,
683 4005 747 4058 seu
779 3985 873 4054 eirea
903 3983 1093 4057 stabilitum
1118 3981 1276 4055 ordinem
1303 4001 1391 4055 sue-

191 4110 400 4124 —-——

224 4153 250 4212 ι.)
269 4158 298 4208 S·
316 4156 472 4226 edelberti,
490 4163 518 4208 et
534 4157 665 4223 sseptunt
678 4158 706 4209 in
719 4156 791 4210 Vitis
804 4155 962 4212 eorundem.
1084 4201 1085 4206 ,

225 4225 253 4286 ¹³)
273 4227 323 4279 cit
336 4227 432 4279 Verinl
450 4228 525 4280 Com.
539 4227 569 4281 C.
587 4229 632 4278 Vl.
651 4227 677 4293 ὅ.
696 4229 720 4281 8.
738 4227 763 4280 9.
781 4232 809 4278 et
827 4225 897 4277 alibi.

225 4295 250 4351 ⁰)
269 4296 331 4346 vid.
343 4295 415 4361 Pray
431 4297 582 4351 comment.
599 4299 633 4350 de
648 4303 703 4351 vet
717 4297 812 4362 Regin.
824 4310 880 4350 eor.
896 4309 974 4350 more
988 4307 1016 4361 pt
1026 4297 1071 4350 22.

225 4361 253 4429 d)
270 4364 332 4419 vid.
343 4367 403 4420 Art.
420 4364 445 4421 b.
463 4365 541 4424 1741.

1134 4429 1200 4523 8¹}
