3122 4852
239 212 315 285 ’162

238 378 388 454 mundus
423 377 606 455 observari
631 378 750 470 jussit.
786 379 862 469 Qua
893 382 1029 456 demum
1059 401 1161 470 eura,
1196 387 1232 452 et
1257 334 1434 475 potestate

242 481 392 556 Carolus
411 483 437 554 l.
456 503 532 554 rem
559 485 789 555 monetariam
815 486 1021 584 complexus
1041 488 1098 575 sit,
1124 481 1312 556 Decretum
1331 482 1453 572 ejns-¹

239 584 318 656 dem
344 585 500 678 loquitur
531 584 562 675 ¹)
580 581 657 675 ll).

279 731 320 814 ⁴⁵)
342 729 593 879 limercllmll
615 731 747 815 peritiae
770 752 845 880 eluza
868 741 1051 861 argumenta
1072 731 1304 880 fllotnlbis·
1321 732 1357 792 de
1373 728 1434 874 boz

321 827 778 983 :lm‘issalliitllllt
798 819 1433 986 ,ttttttttzstttt“stitit

320 1006 446 1065 ,rerum
464 989 620 1052 venalium
643 992 811 1054 secundum
830 999 944 1053 certem
963 991 1163 1072 quantitatem
1180 987 1268 1072 justo
1286 989 1433 1048 modere-

319 1075 425 1152 „tuiae
455 1075 608 1138 discretae
639 1076 772 1136 rationis
807 1076 979 1139 constituit.
1017 1076 1087 1136 Non
1122 1076 1203 1136 enim
1235 1068 1435 1158 permittebat

320 1168 542 1237 „mercatores‚
562 1168 592 1221 et
619 1159 815 1222 numularios
839 1161 1050 1224 detestabilem
1074 1161 1225 1222 avaritiae
1254 1158 1434 1240 voraginem
1553 1245 1554 1248 Ἴ

318 1265 360 1323 „a
383 1246 596 1324 simplicibus,
630 1257 660 1307 et
692 1245 820 1309 rusticis
855 1247 1048 1326 superfluum
1081 1247 1199 1309 lucrum
1232 1262 1430 1328 congregare.

320 1329 427 1409 „llaec
450 1339 498 1392 est
521 1331 602 1392 enim
626 1349 738 1408 cansa,
774 1350 851 1412 quae
874 1333 1004 1395 maxime
1033 1331 1114 1394 solet
1137 1331 1271 1410 populos
1294 1349 1433 1410 pauper-

322 1416 430 1494 „tatis,
452 1425 483 1478 et
505 1417 629 1497 inopiae
648 1417 798 1497 perieulis
817 1419 1003 1495 obvolvere,
1027 1421 1080 1480 sed
1097 1419 1265 1478 secundum
1284 1424 1432 1478 statutam

321 1501 478 1580 „pretium
502 1504 716 1584 unusquisque
745 1505 912 1580 vendebat,
944 1514 974 1566 et
1004 1503 1123 1568 emebat
1155 1503 1223 1566 sine
1242 1499 1379 1585 injuria,
1400 1507 1433 1560 et

321 1589 617 1664 „circumventione
647 1593 881 1670 Argenteus
913 1592 1004 1652 etiam
1030 1589 1249 1665 denarios,
1280 1599 1431 1664 utsupra

321 1672 494 1752 „scriptum
518 1681 583 1744 est,
614 1675 707 1735 cudi
730 1675 849 1748 lecit,
881 1695 1011 1754 quorum
1044 1673 1249 1755 quadraginta
1273 1672 1429 1734 bizantius

320 1775 456 1833 „census
473 1764 548 1818 erat.
567 1757 655 1820 Unde
673 1766 702 1820 et
717 1778 799 1820 nunc
816 1760 936 1821 denarii
952 1780 1079 1822 numero
1099 1760 1301 1842 quadraginta
1318 1773 1430 1819 aureus

319 1841 557 1921 „appellanturg
596 1861 656 1905 non
692 1845 773 1923 quod
808 1845 872 1905 sint
907 1847 1013 1922 aurei,
1047 1845 1101 1906 sed
1134 1847 1215 1926 quod
1242 1853 1288 1907 tot
1312 1840 1430 1905 denarii

318 1927 515 2004 „Bizantium
546 1927 651 1991 valere
686 1929 741 1990 illo
773 1938 911 2010 tempore
944 1931 1138 1995 videbantur.
1173 1929 1326 1992 Omnibus
1350 1927 1429 1989 enim

317 2014 555 2089 „diebusvitae
579 2034 654 2078 suae
686 2017 725 2078 in
747 2024 833 2078 tota
855 2015 1069 2100 Hungaria
1099 2034 1173 2079 non
1196 2025 1259 2078 est
1281 2020 1429 2078 murteta

318 2118 427 2176 „mon
439 2105 534 2163 eta.“
558 2110 616 2165 etc.

252 2203 310 2290 11)
335 2207 511 2270 illustravit
550 2207 716 2270 Decretum
759 2209 852 2270 bonne
886 2209 1213 2272 animadversionibus
1254 2208 1429 2273 eruditione

317 2292 418 2372 plenis
452 2301 559 2370 gratae
597 2292 826 2354 reeordationis
865 2293 1115 2356 Scbbnvisnerus
1149 2295 1182 2355 in
1213 2313 1306 2374 opere
1336 2292 1428 2375 paulo

316 2386 387 2438 ante
418 2375 511 2438 citato
526 2377 579 2459 ο),
603 2395 680 2456 quae
703 2375 784 2437 lectu
807 2385 880 2436 suat
903 2377 1073 2455 perutiles,
1106 2397 1141 2441 ae
1160 2376 1428 2462 jucundissimae,

314 2462 410 2544 Regis
442 2479 515 2523 vero
549 2458 646 2543 bujua
676 2468 857 2540 protensam
885 2462 933 2524 rei
963 2464 1153 2549 monetariae
1184 2465 1427 2530 sollicitudinem

314 2546 455 2609 uberiori
478 2547 546 2608 luce
568 2547 742 2612 effundunt.

604 2875 608 2882 ¹
748 2788 784 2875 §.
816 2789 902 2862 596.

412 2931 605 3006 Interdum
632 2933 720 3006 atta
746 2955 895 3029 quoquc
927 2937 1269 3006 communicarem

330 3102 493 3176 Liberum
524 3105 664 3177 interim
702 3105 768 3180 sibi
799 3127 881 3178 esse
922 3102 1112 3177 credebant
1140 3101 1282 3198 Reges,
1323 3105 1426 3197 hujus

227 3205 406 3278 facultatis
425 3204 515 3277 alios
547 3228 708 3302 quoque,
737 3211 884 3302 imperio
915 3229 980 3277 suo
1012 3205 1209 3298 obnoxios,
1236 3211 1426 3303 participes

228 3308 403 3378 interdum
438 3305 589 3378 reddere
625 3314 715 3380 intra
751 3309 879 3380 limites
915 3307 1006 3378 ultro
1045 3305 1261 3400 designatos.¹
1305 3308 1426 3379 Talem

224 3408 389 3482 Andreas
418 3406 444 3477 l.
473 3405 582 3480 Belae
610 3409 710 3483 fratri
739 3431 804 3483 suo
835 3407 981 3481 dederat
1011 3405 1057 3498 l),
1078 3409 1254 3480 secundus
1285 3409 1425 3516 Ordinis

225 3510 436 3584 Theutonioi
466 3507 648 3604 Equitibus
680 3515 733 3605 1’);
771 3510 921 3585 Methias
958 3510 984 3580 Ι.
1019 3506 1160 3588 Civitati
1193 3507 1426 3585 Cassoviensi

226 3613 371 3698 durante
399 3610 622 3704 beneplacito
650 3636 715 3686 suo
736 3613 973 3685 exercendum
1005 3610 1050 3702 s).
1080 3610 1161 3682 Non
1188 3611 1232 3682 de
1259 3633 1316 3704 eo,
1344 3635 1426 3682 num

224 3712 261 3784 id
278 3710 412 3784 fecisse
441 3712 627 3805 expediat,
651 3716 750 3810 'quod
779 3714 924 3788 alterius
953 3725 1009 3788 est
1036 3713 1259 3810 disciplinae,
1288 3713 1352 3786 sed
1379 3712 1424 3783 de

221 3855 433 3872 ψ

244 3922 282 3986 e)
300 3926 342 3977 De
363 3929 441 3978 Anno
461 3925 538 3981 teta

254 4008 284 4075 b)
302 4014 333 4065 Ρ.
349 4014 382 4064 ll.
396 4013 424 4064 C.
440 4015 525 4070 XLV.
543 4016 620 4073 Geni.
634 4017 742 4071 Katane
754 4019 825 4072 niet.
843 4019 910 4075 crit.
925 4021 956 4076 ⁵1¹.
975 4021 1007 4070 ll.
1027 4019 1055 4069 P.
1071 4019 1105 4068 11.
1117 4031 1141 4083 p.
1156 4018 1218 4069 168.

257 4094 589 4167 ammmm

256 4177 392 4246 ³)11ujue
411 4188 533 4251 Nomos,
553 4203 605 4254 qua
618 4191 724 4257 Docta,
744 4193 790 4243 vld
806 4205 847 4258 ap.
861 4189 1051 4244 Scbdnvlsner
1069 4189 1117 4256 Op.
1135 4191 1180 4242 alt.

254 4263 280 4328 ⁶)
299 4269 449 4322 Sebldczer
467 4273 519 4326 loc.
537 4276 583 4326 cit
600 4291 624 4342 p.
636 4279 696 4328 ³19.
731 4316 736 4327 .
992 4263 995 4268 ¹

254 4347 281 4412 s)
299 4353 437 4420 Keprlnay
456 4359 529 4412 utra
541 4361 614 4426 Dlpl.
632 4363 663 4416 P.
680 4363 712 4417 ll.
724 4363 753 4413 Ι..
770 4362 803 4412 ll.
818 4363 853 4416 Ν.
873 4363 917 4417 tn.
933 4375 959 4428 Ρ.
974 4362 1037 4422 ldb.
