3122 4852
229 203 299 305 13'2
360 304 364 313 .

220 400 366 496 passim,
394 401 452 493 qui
477 399 512 470 in
531 393 717 470 adversam
736 405 872 494 partem
894 395 1079 486 secedunt,
1109 395 1257 492 copiose
1280 391 1422 468 adferre
1446 381 1448 384 ’

221 501 352 590 solent,
381 497 547 594 specifice
576 498 634 570 hic
662 520 846 595 exponere
872 505 936 573 vix
965 520 1097 595 operae
1126 501 1277 593 pretium
1306 498 1422 584 toret3

222 613 526 698 quantumcunque
550 606 642 674 enim
671 601 769 673 multi
789 623 875 676 sane
895 602 1117 697 popularium
1138 612 1340 674 nostrorum
1357 621 1423 670 re-

223 707 373 776 centiori
402 724 493 776 aevo
520 702 613 776 bona
634 702 832 777 nobilitaria
862 702 958 776 feudi
984 712 1143 776 naturam
1175 706 1210 774 in
1245 701 1424 794 Hungaria

224 828 363 901 quoque
386 801 559 896 induisse,
588 826 741 878 erronee
759 809 846 879 satis
868 807 1089 893 existiment,
1124 813 1228 899 atque
1258 804 1422 898 Systema

224 908 318 980 istud
357 909 579 1003 importune,
608 917 785 1004 oportune
811 905 1016 982 domesticis
1035 908 1203 978 institutis
1222 909 1423 1001 promiscue

219 1012 413 1105 appingere
433 1015 630 1108 coeperint,
653 1014 866 1082 contrarium
886 1019 1002 1082 tamen
1022 1010 1144 1097 exiis,
1164 1031 1255 1103 quae
1274 1009 1317 1080 de
1337 1007 1422 1080 feu-

219 1111 273 1182 dis
291 1117 556 1207 praemiseram,
576 1111 794 1190 sufficienter
813 1110 1066 1199 inclarescere,
1087 1131 1156 1204 ego
1179 1112 1305 1183 saltem
1317 1113 1423 1207 plane

217 1214 459 1309 persuadeor,
486 1216 571 1287 licet
591 1214 684 1286 ultro
706 1216 955 1303 sustinuerim,
992 1234 1108 1306 neque
1138 1235 1321 1307 negavero
1352 1235 1423 1283 un-

221 1338 336 1410 quam,
364 1326 484 1389 tenuta
512 1316 684 1412 quaedam
716 1326 752 1387 et
780 1315 877 1390 feudi
903 1319 1034 1404 instar,
1064 1325 1100 1386 et
1128 1337 1301 1412 expressa
1328 1337 1422 1411 pau-

219 1440 283 1490 cos
308 1420 436 1503 milites
466 1419 592 1492 alendi·
620 1417 683 1492 sub
711 1418 914 1490 conditione
951 1417 1152 1509 Hungariac
1183 1439 1323 1513 quoquc
1351 1438 1424 1488 nou

216 1519 330 1591 fuisse
348 1524 542 1612 incognita,
571 1525 654 1614 quin
678 1520 878 1610 singulares
898 1518 1098 1608 hujusmodi
1117 1518 1350 1609 collationes,
1383 1526 1424 1586 ut

215 1619 401 1714 plurimum
419 1621 607 1692 limitaneis
628 1619 758 1708 luctae,
786 1621 822 1691 id
842 1620 937 1714 quod
964 1619 1161 1694 adversarii
1178 1620 1326 1709 volunt,
1354 1619 1423 1692 de-

217 1730 426 1792 monstrent.

744 1928 781 2014 §.
811 1927 896 2000 543.

567 2074 765 2149 Boodcrt‘o
791 2074 1074 2150 Ecclesiastico.

317 2223 420 2296 Paria
448 2219 544 2294 Cleri
575 2226 610 2295 in
638 2221 742 2294 bonis
770 2220 1031 2310 nobilitaribus,
1060 2218 1292 2316 analogisque
1318 2220 1418 2292 redi-
1494 2267 1498 2274 ·
1545 2207 1546 2256 Ὗ

217 2324 308 2396 tibus
326 2323 433 2412 Jura,
458 2343 580 2418 parem
601 2323 670 2393 illis
689 2327 796 2395 etiam
825 2344 902 2393 cum
921 2322 1057 2415 reliqua
1076 2317 1267 2400 Nobilitate
1280 2322 1418 2394 Patriae

217 2424 369 2497 tuendae
389 2423 643 2518 obligationem
668 2425 935 2518 imposuerunt,
964 2421 1113 2496 dubitari
1131 2421 1280 2518 proinde
1298 2424 1416 2518 aliquo

215 2549 293 2597 cum
311 2525 536 2598 fundamento
568 2525 632 2596 vix
648 2532 781 2619 potest,
819 2523 968 2598 eundem
1005 2526 1118 2599 Statui
1156 2527 1416 2613 ecclesiastico,

215 2632 465 2722 quamprimum
491 2626 560 2695 hoc
593 2623 757 2698 beneficii
787 2647 922 2718 genere
950 2624 1108 2720 gaudere
1129 2630 1260 2722 coepit,
1300 2627 1418 2700 idest

213 2750 292 2800 cum
318 2730 439 2823 primis
457 2725 655 2818 Religionis
687 2723 909 2799 Christianae
938 2728 1030 2824 apud
1057 2751 1123 2802 nos
1151 2731 1259 2801 initiis
1287 2729 1416 2800 inhae-

212 2832 330 2918 sisse;
357 2851 430 2901 non
448 2847 553 2902 secus
571 2827 745 2900 Banderia
763 2829 956 2900 Procerum
983 2835 1075 2902 sacri
1099 2833 1217 2921 juxta,
1256 2853 1298 2901 ao
1324 2851 1415 2926 pro-

214 2929 288 3004 fani
308 2931 454 3022 ordinis,
482 2949 572 3026 quos
590 2930 692 3022 legas
717 2934 838 3026 ipsae,
884 2930 1021 3023 quando
1052 2937 1087 3004 in
1123 2935 1244 3029 specie
1272 2933 1316 3004 dc
1343 2935 1414 3003 isto

210 3030 355 3107 militiae
374 3055 523 3128 genere,
566 3031 700 3105 valde
737 3034 1019 3105 exercituatione
1065 3055 1182 3108 sermo
1224 3043 1301 3124 est,
1336 3032 1414 3103 fere
1481 3021 1484 3032 “

210 3156 353 3233 semper
380 3138 610 3228 conjungunt,
640 3134 737 3230 apud
759 3155 840 3224 nos,
866 3139 934 3206 etsi
953 3138 1087 3206 incerta
1106 3139 1188 3226 sint,
1208 3136 1417 3208 simultanea

209 3235 376 3313 hahtdsse
402 3242 512 3312 initia.

734 3444 772 3530 §-
802 3442 889 3516 544.

488 3593 695 3669 Bonderr'te
721 3592 962 3666 secutarum
989 3611 1142 3664 coaevo.

309 3755 435 3854 Neque
455 3761 497 3830 ab
526 3763 593 3834 hac
612 3764 796 3840 Sententia
825 3764 1036 3854 dimoveor,
1065 3764 1133 3836 etsi
1160 3762 1233 3851 jam
1260 3782 1352 3833 aevo
1371 3759 1410 3835 S.

208 3861 379 3959 Stephani
396 3859 570 3933 Abbatiae
592 3864 636 3935 ad
654 3867 811 3939 radicem
830 3863 961 3940 Montis
981 3866 1091 3938 ferrei
1109 3865 1237 3937 milites
1255 3885 1320 3958 pro
1343 3886 1414 3933 cu-

206 3963 391 4043 stodiendo
411 3961 628 4037 Monastcrio
641 3971 841 4063 assignatos
854 3969 1160 4040 animadverterim
1172 3965 1300 4059 (296),
1314 3985 1413 4059 quo-

206 4068 300 4138 niam
319 4063 362 4133 ad
382 4069 639 4162 eorumpotius
659 4069 811 4144 classem
840 4069 1022 4142 referendi
1050 4079 1151 4158 sunt,
1180 4070 1292 4163 quiin
1320 4089 1413 4163 per-

209 4185 296 4234 sona
318 4166 459 4232 omniuo
484 4165 606 4256 liberi,
645 4171 709 4241 sed
738 4180 884 4265 propter
914 4171 1093 4241 obtentum
1121 4193 1140 4240 a
1176 4166 1411 4258 secutaribus,

207 4263 269 4329 vel
289 4261 543 4333 ecclesiasticis
562 4267 771 4340 Proceribus
790 4273 1055 4361 possessorium
1074 4268 1119 4340 ad
1136 4268 1350 4358 fidelitatem,
1370 4279 1409 4340 et

208 4361 356 4425 servitia
389 4359 653 4440 conferentibus
679 4368 892 4461 praestanda
911 4369 1244 4463 obstringebantur,
1272 4372 1409 4444 idcirco
