3122 4852
1253 255 1321 328 171

126 426 232 498 mitiis
270 445 314 496 eo
352 443 464 496 *sensu
500 423 694 500 iterandam
734 429 939 524 opinantur,
987 424 1087 518 quasi
1115 421 1323 516 Regnicolis

126 529 262 600 salvum
278 533 568 619 reservatumque
587 533 788 616 mansisset,
816 548 880 620 pro
908 525 1015 595 lubitu
1037 523 1078 594 ab
1105 524 1175 595 hoc
1197 534 1322 618 syste-

125 637 217 700 mate
237 623 420 714 recedere,
447 630 483 698 iu
516 649 639 699 errore
670 639 751 702 sunt
780 627 978 699 manifesto.
1028 627 1101 696 lsto
1131 626 1225 697 euim
1257 623 1320 698 sub

123 740 291 824 respectu
310 729 520 799 contributio
546 741 717 825 perpetua
743 741 810 819 est,
838 731 888 799 uti
907 748 1027 816 causa,
1051 747 1140 821 quac
1160 725 1320 822 Regnum
1377 807 1379 812 ,

126 832 173 903 ad
192 853 268 903 eam
290 829 549 908 decernendam
571 834 714 928 impulit.

646 1039 682 1123 §.
712 1040 796 1111 608.

266 1189 399 1263 Relate
418 1189 472 1260 ad
487 1193 732 1280 quantitatem
750 1193 789 1260 ia
812 1191 981 1260 Comstia'a
999 1158 1182 1278 defigitur.

229 1335 320 1422 Quid
337 1339 443 1429 igitur
459 1377 511 1388 —-
534 1336 672 1430 inquies
690 1377 743 1390 -
760 1335 925 1409 comitiali
953 1335 1206 1424 deliberatione
1227 1332 1322 1406 illum
1422 1400 1427 1413 ,

125 1439 262 1510 demum
280 1441 316 1510 in
335 1461 454 1510 casum
474 1459 563 1533 opus
584 1441 651 1510 erit
668 1441 793 1527 unicc,
821 1438 900 1510 dum
920 1437 963 1508 de
993 1435 1155 1530 augendo
1174 1457 1239 1531 pro
1258 1459 1322 1506 ra-

123 1543 220 1612 tione
253 1550 449 1635 temporum
483 1551 613 1636 quanto
650 1538 958 1628 contributionali,
996 1537 1239 1631 ejusdemque
1258 1560 1324 1633 per

122 1645 326 1713 universum
352 1643 513 1736 Regnum
539 1646 769 1736 repertitionc
797 1641 942 1734 agitur?
968 1631 1111 1712 Minime
1130 1639 1317 1733 profecto:

123 1743 259 1815 dubium
280 1767 428 1840 namque
456 1745 550 1816 istud
577 1745 966 1839 aliquandolutramque
986 1747 1021 1814 in
1040 1749 1175 1838 partem
1193 1743 1317 1812 venti-

121 1847 248 1932 latum,
284 1847 415 1916 clarum
442 1851 650 1938 praeprimis
677 1846 790 1917 reddit
818 1853 922 1915 tenor
956 1847 1173 1916 novissimae
1212 1842 1318 1933 legis,

122 1969 224 2042 quam
241 1949 395 2040 propriis
413 1945 534 2015 verbis
555 1945 729 2033 subjicere
747 1947 838 2015 malo
857 1943 923 2032 i),
950 1945 1065 2037 palam
1083 1965 1208 2035 nempe
1227 1963 1319 2035 pro-

120 2046 340 2133 nunciando,
365 2047 423 2134 jus
442 2047 669 2138 quantitatem
694 2042 971 2116 contributionis
1000 2043 1254 2114 determinandi
1274 2042 1317 2114 ad

122 2156 290 2219 tractatus
310 2146 479 2217 diaetales
498 2153 673 2240 spectare,
687 2146 847 2239 adeoque
865 2145 933 2215 hoc
952 2147 1031 2239 ipso
1049 2145 1134 2216 nulli
1154 2151 1316 2215 tractau-
1416 2147 1423 2158 '

121 2251 205 2320 tium
230 2247 272 2319 ad
299 2251 451 2320 invicem
479 2251 628 2342 partium
652 2251 802 2320 seorsim
832 2254 1046 2341 competere.
1084 2245 1175 2332 Quid
1204 2255 1320 2318 autern

121 2352 223 2443 leges
253 2355 288 2444 im
317 2370 397 2420 eum
424 2359 588 2421 eventum
619 2350 827 2421 sanxerint?
864 2351 894 2421 si
923 2349 1107 2441 repentina
1131 2347 1315 2441 quaedam,

122 2459 225 2546 atque
256 2455 447 2546 improvisa
473 2451 610 2520 Patriae
629 2453 827 2523 necessitas
857 2454 1019 2542 ingruat,
1047 2469 1137 2544 quac
1158 2449 1319 2519 celerio-

121 2575 198 2624 rem·
234 2551 524 2624 deliberationem
558 2551 769 2645 deposcere*
796 2553 1031 2645 comperitur,
1067 2550 1255 2644 qualemve
1282 2553 1318 2620 in

122 2674 261 2742 casum,
290 2661 326 2724 ct
353 2672 419 2746 qua
446 2656 586 2724 ratione
615 2673 809 2724 concursus
838 2651 953 2744 Regni
982 2651 1026 2722 de
1053 2651 1132 2722 hoo·
1151 2653 1314 2746 praecise

122 2753 397 2828 Contributionis
417 2753 557 2843 objecto
578 2753 791 2832 concludere
818 2753 964 2848 possit?
990 2755 1156 2825 recensui
1189 2753 1317 2843 (421).

161 2873 200 2959 i)
225 2878 310 2952 „Sua
332 2871 483 2956 majestas
507 2876 725 2938 sacratissima
750 2911 788 2922 -
814 2877 906 2937 verba
929 2882 1002 2936 sunt
1014 2874 1148 2937 Articuli
1172 2866 1203 2936 lt.
1224 2875 1316 2940 1827.
1399 2893 1400 2896 ’

207 2993 268 3037 „-
294 2962 416 3034 Statue,
449 2969 477 3021 et
501 2959 634 3022 Ordines
664 2980 792 3022 securos
823 2962 940 3034 reddit,
966 2963 1047 3040 quod
1070 2961 1200 3022 materia
1225 2959 1317 3023 Con-'
1344 3027 1346 3030 ,

206 3044 423 3120 „tributionis,
457 3052 486 3104 et
521 3046 735 3106 subsidiorum
768 3042 980 3125 cujuscunque
1013 3046 1166 3118 nominis,
1202 3062 1258 3105 sen
1284 3047 1315 3106 in

149 3133 153 3140 '
204 3149 315 3207 „aere,
340 3148 396 3190 seu
419 3129 451 3188 ia
474 3129 687 3204 naturalibus,
717 3138 770 3190 aut
792 3129 958 3208 tyronibus
981 3146 999 3186 a
1022 3129 1148 3188 diaetali
1172 3137 1317 3204 tractatu,

203 3233 373 3294 „quorsum
396 3214 474 3274 banc
493 3212 584 3296 juxta
606 3214 708 3276 claros
732 3223 791 3276 ert.
813 3215 844 3278 8.
869 3213 1315 3280 1715.et19.1ss⁰a.ten0-

204 3318 277 3377 „res
300 3308 440 3380 spectare
464 3299 546 3360 ultro
570 3299 712 3379 agnoseit
735 3333 775 3344 -
798 3299 886 3361 salva
914 3300 1063 3360 duntaxat
1093 3301 1194 3381 quoad
1229 3297 1319 3362 Con·

204 3385 423 3461 „tributionem
452 3392 510 3445 art.
533 3385 563 3446 8.
590 3384 681 3448 1715.
706 3384 737 3445 in
767 3394 825 3450 art.
849 3385 901 3446 22.
929 3381 1020 3448 1741.
1052 3385 1180 3445 uberius
1209 3385 1316 3446 decla-

206 3479 296 3548 „rate
318 3470 526 3549 dispositione
551 3503 588 3513 -
612 3470 644 3531 in
667 3467 763 3530 nullis
786 3471 877 3530 etiem
907 3469 1170 3544 entraordinariis,
1188 3471 1315 3533 casibus

155 3594 158 3599 -
203 3557 383 3632 „avocanda
412 3556 472 3631 sit,
510 3573 606 3634 neque
646 3573 713 3616 cum
752 3557 857 3616 eadem
886 3553 1114 3617 contributione
1147 3555 1242 3614 relato
1276 3557 1316 3616 ad

203 3643 376 3720 ,‚speciem,
400 3650 429 3700 et
452 3639 651 3718 quantitatem
673 3640 871 3701 comitialiter
895 3639 1126 3701 determinatam
1152 3640 1315 3718 quaepiam

203 3736 311 3804 „extra
341 3726 472 3786 diaetam
504 3726 632 3786 mutatio
663 3726 881 3804 suscipienda,
916 3743 1020 3786 verum
1051 3723 1126 3786 lraec
1158 3733 1252 3804 prout
1275 3727 1315 3788 ab

96 3813 101 3827 '
205 3831 288 3888 „une
311 3810 423 3872 Diaeta
445 3812 485 3871 ad
517 3809 609 3872 aliam
631 3810 664 3872 in
688 3811 834 3875 comitiis
863 3810 963 3894 Regni
985 3810 1190 3874 determinata
1211 3812 1316 3886 luerit,
1339 3837 1341 3840 ·

205 3897 273 3974 „ita
296 3895 446 3978 exigenda
469 3895 605 3959 veniat.“
825 3891 827 3902 '

636 4081 672 4169 ὃ.
702 4083 785 4156 609.

348 4236 379 4304 Α
407 4185 482 4324 pua
508 4231 754 4305 Noettaatem
781 4230 883 4321 lepos
911 4234 1084 4304 eximunt.

220 4375 306 4450 Post
335 4376 495 4452 stabilem
523 4373 823 4454 contributioaem
853 4397 901 4456 ex
931 4396 1062 4471 eausa,
1099 4385 1135 4455 et
1160 4380 1313 4467 ratione,
1364 4479 1370 4488 ἱ
