3138 4858
1297 193 1344 266 17

145 338 384 434 praetoriana,
413 353 557 418 auctore
578 343 704 422 iterum
723 345 834 420 Maria
857 344 1028 424 Therasia
1053 349 1160 428 Anno
1185 356 1293 434 1760.
1322 382 1344 432 e

139 442 329 532 juventute
364 442 580 540 Hungariaa,
624 447 847 544 Partiumque
884 451 1097 525 adnexarum
1134 464 1343 555 composita,

141 541 246 636 Regi,
272 544 480 643 Regiaeque
508 549 674 624 Familiae
694 553 934 625 custodiendis
954 565 1160 630 constanter
1180 561 1342 634 Viennae

140 659 351 738 moraretur,
372 650 466 744 quod
483 654 579 743 item,
598 657 657 748 qui
676 677 723 726 ex
738 655 852 727 Aulae
871 654 1104 729 Familiarium
1125 671 1242 752 coetu,
1264 674 1343 735 tre.-

140 747 253 823 decim
272 754 372 824 annis
402 756 542 843 serius,
573 777 639 849 per
668 778 745 827 eam
770 756 888 852 Ipsam·
913 756 1109 850 Augustam
1145 762 1342 859 Principem

138 855 353 923 resuscitato
362 849 405 944 ἰ)
426 876 545 926 coram
564 856 701 947 adsunt,
716 857 820 929 festis
839 855 961 930 diebus
980 859 1206 956 splendorem
1225 887 1342 958 auge-

142 964 214 1043 ant,
234 953 444 1049 quandoque
467 956 593 1028 Aulica
615 956 745 1030 obeant
763 956 1011 1053 Dapiferorum
1031 964 1238 1038 ministeria.
1292 964 1294 967 ’

183 1076 222 1160 *)
244 1077 316 1143 Non
339 1088 405 1143 arat
434 1078 547 1162 quippe
578 1061 849 1143 haecuns'utctio
881 1089 971 1143 antea
1000 1083 1093 1152 etiam
1123 1085 1208 1148 domi
1229 1086 1343 1168 incog-

225 1168 301 1242 nita,
324 1185 398 1230 sane
420 1163 599 1246 complura,
632 1184 763 1246 quorum
787 1166 984 1230 Schwartner
1006 1168 1146 1232 meminit
1159 1171 1210 1253 ⁸),
1233 1172 1342 1254 diplo-

224 1253 336 1315 matica
366 1251 500 1334 vestigia
531 1253 718 1329 ostendunt,
752 1253 905 1333 quoddam
952 1253 1048 1316 aulici
1078 1257 1201 1319 servitii
1231 1276 1342 1337 genus,
1417 1289 1419 1293 ·

225 1338 442 1420 singularibus
472 1338 703 1417 praerogativis
727 1339 885 1415 dotatum,
907 1338 967 1400 sub
989 1339 1046 1401 lrac
1076 1339 1166 1404 aulae
1187 1340 1340 1405 Familia-

223 1425 327 1499 rium,
360 1431 415 1486 aut
454 1422 621 1504 synonima
650 1421 894 1486 nomenclatione
918 1424 1136 1504 Regnantibus
1168 1425 1242 1488 Rela
1273 1429 1340 1506 Ν,

225 1511 445 1593 Sigismundo,
474 1506 671 1571 Ferdinando
694 1509 741 1586 1.‚
771 1509 955 1589 Rudolplc‚
987 1517 1018 1570 et
1047 1507 1246 1574 Ferdinando
1268 1512 1339 1590 lll.,

224 1599 361 1679 adeoque
376 1593 625 1678 quadringentis,
643 1602 673 1660 at
694 1594 830 1674 amplius
846 1594 938 1659 annis
962 1594 1089 1658 omnino
1111 1598 1338 1680 praeriguisse.

659 1785 695 1872 §.
726 1784 812 1856 343.

464 1934 515 2004 VI.
552 1931 703 2002 Ordines
729 1933 1014 2022 Praaopaaec.

240 2039 443 2152 Liberorum
477 2075 665 2148 Nationum
702 2075 953 2171 praecedentia
990 2080 1129 2150 tametsi
1167 2102 1238 2153 non
1268 2093 1337 2154 tam

115 2235 119 2248 ,
137 2185 246 2256 certis
264 2183 459 2280 principiis,
489 2200 591 2273 quam
610 2177 879 2267 consuetudine,
899 2181 1097 2273 mutuisque
1116 2186 1335 2254 conventio·
1443 2259 1446 2263 ,

137 2287 240 2359 nibus
262 2285 411 2370 nitatur3
439 2281 509 2352 hoc
537 2291 653 2352 tamen
682 2283 768 2353 citra
787 2278 1223 2354 haesitationem—omni
1243 2294 1335 2357 teste

136 2383 505 2461 historia-fidenter
523 2382 607 2455 licet
626 2403 851 2472 asseverare,
877 2381 1014 2475 Regem
1033 2381 1234 2477 Hungariae
1254 2390 1335 2457 cui-

137 2512 240 2585 quam
257 2482 421 2582 Europae
440 2485 532 2576 Regi
559 2488 595 2557 in
624 2482 764 2558 solenni
783 2505 981 2578 congressu
1007 2489 1183 2581 potiorem
1211 2487 1364 2560 ordine.

137 2591 255 2663 locum
275 2590 514 2660 concessisse.
536 2587 682 2659 Aeneas
703 2586 849 2678 Silvius,
867 2584 1051 2658 Pontificia
1071 2587 1212 2681 fulgens
1232 2593 1333 2681 tiara,

137 2703 295 2788 quartum
324 2687 384 2780 l);
410 2689 523 2760 Julius
552 2687 596 2759 ll.
628 2688 798 2760 decimum
829 2690 886 2779 ῆς
914 2687 1007 2761 Aula
1027 2686 1333 2787 Constantinopo-

134 2795 242 2866 litano
266 2794 407 2864 tertium
422 2792 515 2884 Regi
532 2787 733 2884 Hungariae
751 2789 868 2862 locum
886 2791 1034 2864 condam
1052 2795 1248 2886 assignavit
1278 2791 1332 2884 ⁴¹);

133 2918 240 2985 nunc,
269 2897 433 2988 quoniam
447 2893 690 2988 Imperatoria,
719 2901 755 2963 et
772 2894 841 2966 ista
866 2891 1006 2988 quidem
1026 2892 1259 2966 haereditaria
1278 2899 1334 2967 si-

132 2999 205 3070 mul
231 2994 346 3088 fulget
362 2994 563 3085 Majestatc‚
582 2991 651 3069 lroc
671 2996 815 3068 nomina
838 2993 1114 3089 praecellentem
1132 3000 1224 3070 inter
1243 3018 1331 3067 cae-

132 3110 235 3173 teros
253 3095 459 3190 Regnantes
479 3095 613 3171 ordinis
630 3097 919 3190 Praerogativam
949 3107 1111 3194 occupat.

653 3300 689 3386 ς.
718 3299 804 3372 344.

177 3453 230 3525 VI.
263 3444 454 3535 Quadam
483 3444 605 3520 adduc
627 3445 805 3538 publicae
828 3452 1084 3521 cenmco'om'e
1108 3451 1290 3538 comicia.

233 3595 406 3689 Reliquis,
434 3614 524 3689 quae
552 3614 599 3664 ex
617 3594 864 3683 veneratione,
892 3593 1028 3688 Regiae
1049 3592 1233 3686 ,lllajestati
1260 3596 1329 3667 de-

130 3700 215 3789 hita,
240 3696 430 3794 profluunt,
459 3695 730 3766 adnumerantur
747 3693 859 3765 adhuc
878 3696 1005 3768 solium
1025 3698 1171 3790 regale;
1199 3697 1327 3768 homa-

129 3804 194 3894 gii,
222 3823 264 3872 ae
284 3798 515 3890 subjectionis
543 3799 634 3871 varii
662 3799 805 3888 generis
831 3796 1033 3892 professi03
1077 3801 1114 3870 in
1143 3799 1325 3893 exemplo:
1400 3796 1402 3800 ’

130 3901 211 3972 dum
229 3901 371 4002 Urbem,
401 3911 460 3973 aut
476 3898 695 3973 Praesidium
712 3898 924 3991 ingredienti
950 3900 1071 3974 claves
1088 3903 1325 3994 resignantur.

159 4068 186 4132 ⁸)
203 4066 326 4139 etattpu.
344 4071 383 4124 R·
395 4069 428 4124 ll.
447 4085 472 4136 p.
491 4071 533 4124 83.
552 4076 579 4122 et
596 4083 653 4135 seq.
671 4069 734 4122 Not.
753 4062 805 4121 sub
836 4068 874 4134 ¹²).

160 4152 187 4212 a)
207 4158 237 4207 ln
254 4158 342 4222 Epist.
357 4161 455 4222 quarta
467 4157 500 4208 ad
514 4156 685 4208 Cardinalern
700 4157 729 4206 S.
740 4156 846 4220 Angeli.

160 4238 186 4302 ⁸)
203 4238 315 4307 &totta
332 4237 425 4306 duros.
444 4237 595 4310 atumem.
616 4247 640 4297 1.
658 4239 704 4308 Ἡ).
722 4255 747 4306 p.
762 4242 825 4296 219.

157 4323 185 4390 a)
203 4325 419 4392 rrtvancyma
431 4327 463 4381 n.
476 4329 526 4402 aa

177 4393 212 4468 11
