3124 4868
1264 247 1333 318 141

136 411 383 507 permanserit.
410 410 509 489 Istud
525 435 629 506 vero,
651 423 689 487 ut
708 435 886 510 exaequo
905 413 1062 511 perspici
1081 424 1199 510 queat,
1218 436 1335 509 quan-

136 525 208 585 tum
228 521 471 590 recentissima
491 530 588 593 aetas
608 543 627 590 a
645 523 762 591 veteri
781 517 1036 613 discrepuerit,
1057 518 1209 591 sollicite
1229 518 1335 588 inda·-

135 638 224 710 gare
251 641 403 692 necesse
433 622 570 695 evadit:
600 619 686 694 Cum
721 619 833 691 adhuc
860 621 1031 715 portalis,
1070 619 1333 692 banderialisve

134 719 276 811 militia,
305 744 395 817 quae
423 724 597 818 quomodo
627 748 647 796 a
677 745 717 797 se
745 721 924 811 differant,
954 722 1104 796 vidimus
1134 722 1249 814 (537)
1268 743 1335 794 usu

132 823 215 915 ipso
234 827 487 918 perstiterant,
510 827 649 899 domino
669 827 831 899 terrestri
856 826 892 894 in
912 844 1011 895 suum
1031 826 1220 915 colonum,
1248 825 1333 919 ple·-

134 945 284 1019 rumque
312 927 438 1020 glebae
467 929 692 1019 adstrictum,
722 927 919 999 absolutum
948 927 1204 1021 quodammodo
1231 948 1335 999 com-

134 1027 279 1122 petebat
306 1028 513 1120 dominium;
550 1055 629 1104 eum
656 1033 774 1127 itaque
810 1028 854 1099 ad
890 1049 985 1100 arma
1015 1029 1162 1102 ferenda
1188 1049 1334 1121 cogere,

137 1132 422 1224 correspondens
442 1133 648 1227 obligationi
673 1140 833 1231 potestas
859 1139 958 1219 erat,
985 1154 1051 1227 pro
1080 1131 1333 1203 extraordina-
1556 1221 1557 1234 ἵ

135 1235 188 1304 ria
206 1231 322 1324 Regni
342 1234 552 1333 defensione
585 1237 729 1309 militem
756 1233 799 1304 ad
827 1235 1030 1328 proprium,
1058 1237 1118 1308 vel
1138 1232 1331 1306 Comitatus
1443 1271 1448 1284 a
1556 1299 1557 1326 ,

134 1334 304 1406 vexillum
324 1338 511 1409 statuendi.
532 1337 611 1411 Nec
628 1345 742 1412 minus
761 1357 781 1406 e
799 1337 980 1408 uariorum
993 1334 1222 1408 Comitiorum
1242 1337 1333 1408 arti-

135 1435 224 1522 culis
242 1446 418 1533 utcunque
437 1439 639 1513 inclarescit
669 1443 715 1531 ⁸),
743 1447 871 1532 gentes
892 1433 1128 1510 Comitatuum
1148 1461 1167 1510 a
1186 1437 1331 1526 tributo,

135 1536 230 1631 quod
263 1540 380 1613 coloni
414 1541 628 1633 Procerum,
666 1542 890 1615 Nobiliumve
930 1561 1001 1617 non
1037 1539 1330 1612 Banderiatorum

130 1640 232 1728 juxta
259 1645 507 1736 quantitatem,
535 1667 577 1716 ac
605 1646 732 1718 clavim
759 1639 984 1714 comitialiter
1012 1642 1277 1714 determinatam
1295 1645 1332 1713 in

133 1741 285 1814 medium
321 1742 514 1817 Comitatus
551 1746 825 1842 dependebant,
873 1751 1002 1836 gentes
1040 1744 1331 1816 Banderiatorum

134 1853 269 1933 autern,
296 1869 410 1941 penso
439 1871 459 1917 a
484 1852 638 1943 propriis
670 1848 817 1922 subditis
847 1842 1034 1935 desumto,
1064 1867 1127 1918 sua
1157 1844 1331 1940 stipendia

133 1947 339 2039 recepisse,
358 1970 378 2016 e
398 1968 576 2022 converso
594 1950 695 2021 miles
716 1944 965 2041 stipendiarius
985 1965 1005 2018 e
1032 1949 1143 2040 regiis
1163 1947 1331 2019 duntaxat

133 2047 365 2139 proventibus
384 2048 561 2142 alebatur,
591 2049 878 2142 solvebaturque.

657 2254 692 2341 §.
723 2254 811 2327 559.

486 2403 734 2512 Mutationem
752 2397 961 2496 quomdam.

233 2547 365 2623 Mutata
391 2547 431 2623 in'
455 2553 533 2624 istis
563 2551 628 2623 fuit
657 2551 804 2624 subinde
831 2572 879 2621 ex
896 2551 1037 2639 integro
1056 2568 1175 2620 rerum
1193 2549 1325 2622 facies:

131 2645 245 2739 tona,
272 2652 422 2747 locaque
447 2653 646 2750 populosa,
674 2653 768 2724 undo
794 2662 943 2743 utraque
969 2648 1028 2720 illa
1053 2648 1327 2734 insurrectionis

132 2753 272 2844 species
292 2755 451 2832 sumebat
469 2755 701 2845 adminicula,
729 2777 802 2827 non
820 2752 944 2825 eadem
965 2750 1111 2846 amplius
1131 2775 1195 2828 seu
1210 2755 1327 2845 jnris-
1375 2805 1378 2812 ·

132 2850 315 2946 dictionis,
344 2861 422 2930 sive
441 2862 610 2931 territorii
629 2858 846 2953 plenitudine
873 2851 1169 2949 possidebantur,
1198 2855 1328 2930 condi·-

132 2955 360 3028 tionariorum
377 2959 555 3032 hominum
583 2983 696 3053 genus
723 2955 985 3032 labescentibus
1006 2962 1106 3030 annis
1135 2964 1328 3032 contineu-

131 3059 185 3123 ter
203 3058 442 3148 imminutum,
463 3064 577 3133 serius
605 3083 670 3155 per
693 3060 870 3132 urbarium
900 3054 1155 3151 quodammodo
1184 3064 1326 3152 penitus

132 3154 259 3245 desiit;
288 3158 436 3233 colonus
457 3164 570 3233 omnis
589 3161 722 3232 liberae
750 3160 972 3254 migrationis
1000 3157 1146 3231 effectus
1166 3170 1247 3246 cst3
1267 3171 1326 3232 at-

131 3278 200 3351 que
219 3281 238 3328 a
257 3257 375 3333 fundis
394 3266 467 3334 suis
486 3267 522 3334 iu
541 3261 676 3336 stabilis
694 3263 835 3350 militis,
862 3280 929 3354 pro
959 3253 1097 3332 Patriae
1117 3258 1326 3335 defensione

130 3358 359 3451 excubantis,
387 3364 673 3436 inter-tentionem
688 3367 761 3456 jam
781 3364 825 3437 ad
841 3365 1015 3436 aerarium
1032 3363 1169 3458 regium
1187 3383 1326 3435 annuae

130 3462 381 3538 contributioni
401 3465 576 3540 obnoxius
596 3477 773 3542 evaserat.

646 3672 682 3761 §.
713 3673 798 3746 560.

525 3824 756 3895 Necessario
782 3818 924 3892 antaeo.

228 3987 462 4086 Posteaquam
479 3996 589 4088 igitur
613 4014 702 4066 onus
731 3990 919 4088 quodpiam
946 4000 1154 4088 perpetuum
1179 3987 1324 4062 Bande-
1362 3985 1367 3993 ’

128 4085 179 4154 ria
217 4093 382 4164 servandi
411 4094 576 4186 familiis,
623 4107 681 4168 aut
707 4094 811 4165 bonis
841 4091 1072 4164 determinate
1116 4091 1320 4194 inhaerens,

128 4197 397 4280 praeexstitisse
416 4199 602 4293 nequidem
632 4196 839 4273 verosimile
860 4199 926 4285 sit3
967 4205 1002 4268 et
1021 4198 1051 4268 si
1081 4190 1174 4268 louet
1203 4198 1320 4282 etiam,

123 4330 334 4356 -ᾑ

155 4399 181 4463 ³)
201 4410 279 4460 reae.
296 4409 342 4459 ar.
360 4435 395 4445 -
414 4409 490 4462 asar.
506 4411 531 4464 a.
551 4417 579 4463 en
596 4413 639 4464 to.
656 4436 691 4446 -
710 4406 790 4462 taur.
809 4407 853 4461 es.
