3144 4860
727 435 734 451 .
767 387 850 459 101.

436 505 674 578 Ferdtnundt
691 381 823 580 demi
846 513 1097 594 constristetur.

271 627 325 701 Ne
344 629 475 724 aliquid
491 631 776 724 praetermisisse
788 632 869 722 jure
889 631 1089 727 culpemur,
1108 632 1203 729 quod
1220 633 1367 734 plenio-

169 752 245 802 rem
262 729 316 801 his
336 753 426 824 quae
446 729 537 802 dicta
557 740 660 816 sunt,
688 729 803 803 lucem
822 731 982 822 affundit,
1006 735 1142 823 juverit
1160 735 1203 807 ad
1222 733 1367 805 Decreti

169 832 211 903 Αί
254 834 360 904 1537.
391 832 572 902 articulum
591 829 746 902 ultimum
765 835 921 924 Παρεργον
950 837 1142 929 appellare.
1179 837 1290 922 Quem
1314 838 1369 906 si-

168 934 272 1006 modo
301 937 380 1028 quis
409 942 542 1006 attente
571 930 867 1026 perlustraverit,
897 938 1074 1032 extemplo
1095 935 1270 1032 dispiciat,
1307 939 1367 1006 ni-

168 1035 216 1106 hil
235 1034 277 1106 ab
297 1037 447 1128 antiquis
475 1033 648 1124 Maj0rum
666 1032 821 1106 moribus
852 1036 1004 1108 alienum
1022 1037 1134 1108 luisse
1153 1045 1365 1131 reputatum,

169 1138 232 1210 sub
251 1135 472 1208 Ferdinando
493 1135 519 1205 Ι.
539 1144 662 1229 petere
682 1140 827 1225 iterum,
857 1145 961 1231 atque
991 1143 1180 1236 impetrare
1200 1137 1367 1210 Liberta-

167 1249 261 1328 tum,
288 1236 628 1331 Privilegierumque
647 1233 978 1329 Confirmationem,
998 1239 1138 1335 quibas
1158 1243 1366 1335 cumprime
1493 1263 1500 1270 ·

167 1362 232 1414 suo
251 1345 287 1412 in
304 1338 465 1432 Regnum
495 1342 684 1430 ingressu,
712 1361 754 1408 ac
780 1349 906 1433 postea
926 1345 999 1412 suis
1028 1342 1091 1414 sub
1111 1341 1364 1435 inauguratio-

166 1447 222 1515 nis
248 1441 425 1515 Selenniis
449 1441 673 1531 juramento,
703 1449 739 1510 et
767 1439 910 1511 Litteris
942 1449 1045 1511 antea
1072 1441 1281 1514 roborasset
1307 1440 1364 1531 *),

167 1544 363 1638 abindeque
389 1563 450 1614 res
475 1563 546 1614 non
571 1561 681 1636 scopo
701 1541 864 1635 quidam,
892 1552 1052 1637 tompore
1082 1552 1221 1632 tamen,
1250 1565 1363 1615 occa-

166 1649 290 1734 sione,
318 1655 354 1718 et
373 1648 512 1739 origine
532 1643 693 1739 dispares
713 1643 808 1717 facili
826 1647 974 1737 negotio
995 1643 1197 1738 distinguet.

206 1789 246 1875 ³)
268 1787 995 1956 ttttttttttatttlltttttttltt
1012 1789 1265 1955 itt
1282 1789 1366 1938 itt·

247 1922 510 2036 :lconlirmendim
549 1965 579 2018 et
608 1954 813 2020 observandis
848 1993 890 2006 —-
911 1919 959 2008 ’-
984 1995 1026 2008 -
1056 1899 1171 2043 Regilee
1201 1960 1366 2044 Majesteti

251 2045 407 2120 „Domine
428 2043 545 2106 Nostro
569 2040 821 2104 clementissimo
843 2042 968 2120 publico
994 2047 1118 2108 nomine
1140 2048 1365 2126 supplicemus.

250 2129 305 2212 ‚,§.
328 2131 357 2193 1.
370 2127 438 2202 Qua
457 2124 691 2207 Supplicatioue
710 2133 836 2205 accepta
856 2160 897 2170 -
917 2161 957 2170 -
973 2159 1011 2172 —
1030 2128 1182 2212 Majestas
1198 2129 1268 2212 ejus
1287 2151 1365 2212 gra-

228 2215 351 2294 .„tiose
377 2213 556 2293 respondit,
587 2211 668 2292 qued
697 2209 768 2274 licet
797 2218 979 2291 tempore
1010 2212 1153 2276 felicis
1177 2212 1366 2277 Corona-

248 2300 397 2378 „tionis
419 2301 539 2374 Suae,
572 2304 609 2358 et
638 2295 758 2358 etiam
789 2304 907 2359 antea
938 2299 978 2358 in
1009 2298 1298 2378 ingressusne
1322 2300 1364 2363 in

246 2386 478 2468 „Ungsriae
500 2385 674 2463 Regnum
699 2384 737 2443 sd
758 2385 914 2444 servande
937 2383 1041 2445 omnia
1060 2384 1238 2466 privilegia,
1260 2384 1362 2447 liber-

247 2479 347 2550 „tates
369 2469 542 2534 laudabiles
566 2470 656 2545 item,
679 2477 710 2532 et
734 2470 923 2548 approbatas
950 2471 1195 2534 consuetudines
1220 2470 1363 2550 publices

245 2559 369 2634 „instar
399 2557 674 2636 praedecesserum
701 2553 882 2636 Hungariee
919 2555 1037 2637 Regum
1068 2556 1240 2618 solenniter
1265 2553 1362 2638 juru-

245 2644 357 2720 „verit,
380 2649 418 2703 et
441 2641 660 2720 superinde
683 2639 799 2701 etism
822 2639 989 2702 litteras
1013 2641 1221 2706 efficaces
1244 2642 1362 2703 nobis

245 2729 435 2806 „dedisse
468 2726 625 2788 recenti
659 2723 850 2786 memoria
882 2733 1032 2788 teneat.
1063 2725 1096 2810 S.
1127 2727 1158 2790 2.
1187 2727 1306 2788 Temen
1329 2725 1358 2787 si

244 2833 318 2891 ,‚eas
335 2831 515 2895 quoeunque
532 2814 624 2873 modo
643 2843 683 2858 -
697 2844 736 2856 -
754 2810 889 2890 periisse
905 2811 1100 2892 contigisset,
1118 2810 1189 2894 ejus
1206 2809 1362 2893 Majestus

246 2917 342 2976 „nen
365 2898 610 2980 gravabitur
633 2915 761 2958 noves
785 2896 992 2973 Litteras,
1014 2897 1179 2958 similes
1201 2895 1360 2976 priori-

245 2987 357 3060 ‚,bus,
387 2984 569 3046 omnibus
599 2983 723 3063 Regni
755 2983 970 3044 ordinibus
1005 2984 1117 3058 dare,
1148 2991 1186 3043 ct
1216 3000 1359 3044 eonce-

244 3073 360 3148 „dere
383 3069 583 3150 gratiose.
615 3066 648 3152 S.
672 3066 846 3148 1111111111
874 3086 980 3132 omues
1009 3068 1170 3130 libertates
1198 3101 1236 3112 -
1265 3099 1306 3112 ·-
1326 3075 1363 3128 ut

243 3158 370 3238 ‚,pium,
393 3164 422 3218 et
445 3153 568 3240 justum
592 3155 676 3216 decet
700 3151 893 3234 Principem,
916 3150 1142 3214 inviolabiliter
1169 3151 1362 3216 observabit.

244 3240 298 3325 ,‚§.
321 3239 351 3304 d.
375 3241 410 3302 ld
435 3242 516 3320 quod
536 3259 639 3302 eoram
657 3237 800 3300 Dominis
823 3238 988 3314 Praelatis,
1011 3245 1040 3298 et
1060 3238 1161 3320 Regni
1190 3235 1360 3298 Nobilibus

245 3329 318 3406 „qui
345 3345 381 3386 ex
406 3333 561 3386 conventu
587 3324 784 3405 praescripto
821 3324 992 3400 Ordinum,
1026 3331 1056 3385 et
1088 3325 1231 3386 Statuum
1257 3321 1359 3404 Regni

209 3415 213 3422 '
243 3409 375 3489 „delecti
396 3408 592 3485 exstiterunt,
614 3410 754 3472 Viennae
772 3429 829 3490 pro
852 3411 932 3472 leste
954 3411 987 3473 B.
1010 3411 1189 3472 Derotbeae
1210 3409 1300 3490 Virg.
1327 3415 1357 3470 et

245 3499 360 3578 „Mart
373 3495 446 3560 anni
461 3493 651 3576 praescripti
674 3491 756 3554 15117
771 3512 841 3577 sese
860 3495 1024 3570 fusuram,
1037 3495 1112 3558 vivs
1125 3514 1200 3558 voce
1214 3493 1363 3560 obtulit.“

718 3678 738 3719 .·
758 3651 839 3722 102.

216 3787 247 3858 A
267 3785 436 3856 Martiae
452 3782 500 3856 II.
522 3651 754 3869 temporales
768 3776 967 3869 praecede
990 3777 1297 3848 Coroneu'oaem.

259 3930 483 4025 Itrauguralia
502 3933 594 4001 inter
623 3927 818 4022 Diplcmata
846 3927 990 4000 arctiori
1008 3919 1228 4010 delinitione,
1257 3943 1359 4016 quarn

162 4037 406 4127 praemisimus
438 4033 527 4122 (98)
556 4039 724 4125 accepta,
751 4029 967 4102 Vladislai-l.
992 4027 1273 4098 vetustissimum
1292 4035 1360 4116 est,

159 4135 254 4227 quod
281 4134 451 4206 hactenus
484 4132 701 4206 eruditurum
733 4132 867 4205 detexit
896 4129 1090 4215 mdestria,
1124 4129 1362 4220 posteriorum

156 4236 294 4328 Regum
311 4236 480 4331 pleraque
518 4230 643 4306 Codex
670 4235 883 4306 domesticus
911 4236 1078 4304 continet.
1103 4266 1155 4280 -·-
1181 4227 1362 4301 Dabuntur

161 4345 265 4414 antea
282 4338 344 4415 uel
362 4335 549 4414 confestim
569 4345 652 4434 pest
671 4336 905 4425 electionem,
932 4337 1021 4412 ntia
1048 4352 1142 4406 nuuc
1167 4339 1360 4406 memorato
