3142 4862
214 427 342 497 matiae
369 421 490 496 titulos
518 423 695 511 assumsit,
732 443 774 492 ac
803 421 972 494 Dominus
1006 421 1189 514 ejusdcm,
1224 429 1414 519 postquam

214 527 328 600 Urbes
355 525 557 623 Spalatum,
585 525 806 617 Tragurium,
834 534 870 595 et
900 521 1053 614 Jadram,
1081 547 1149 596 nec
1176 545 1248 596 non
1267 521 1414 598 Sibeni-

215 653 292 726 cum
318 629 503 724 Vegliam,
531 624 698 720 Segniam
733 628 769 698 in
806 647 904 698 suam
938 626 1155 699 traduxisset
1181 637 1412 722 potestatem,

211 751 342 827 reapse
369 733 506 815 evasit,
533 737 571 799 ut
599 727 701 824 nobis
730 728 859 799 Lucius
890 726 945 816 ⁴),
971 727 1183 800 Albinonius
1213 728 1273 817 bJ,
1310 730 1414 802 Dan-

213 833 314 906 dulus
328 849 394 928 pro
412 828 561 904 testibus
581 839 672 901 sunt.
698 829 797 901 Licet
813 850 904 902 vero
933 831 1006 901 suis
1035 830 1193 926 partibus
1212 852 1285 901 non
1305 830 1413 902 delu-

213 939 305 1007 erint
323 952 556 1006 successores
574 931 695 1024 Reges
714 933 749 1003 in
766 929 964 1020 retinenda,
983 931 1265 1027 vindicandaque
1283 932 1413 1023 hujus-

213 1056 255 1108 ce
266 1033 478 1110 Provinciae
496 1037 745 1129 possessione,
760 1034 903 1129 saepius
922 1042 1040 1104 tamen
1058 1034 1152 1108 illius
1168 1035 1241 1125 jam
1259 1037 1413 1128 penitus,

180 1223 183 1228 ⁸
208 1140 281 1228 jam
307 1159 433 1231 magna
460 1139 496 1208 in
522 1145 624 1230 parto
651 1135 863 1207 amittendae
896 1135 1084 1208 discrimen
1123 1171 1175 1188 —-·
1203 1139 1415 1230 praesertim

214 1240 278 1314 sub
315 1239 495 1336 Stephano
531 1236 575 1307 ll.
622 1247 658 1310 et
695 1237 840 1310 Andrea
887 1236 948 1307 lll.
994 1275 1046 1290 —-
1085 1236 1278 1310 subierunt.
1324 1237 1414 1310 Nam

212 1340 354 1430 Graeci,
366 1345 426 1435 qui
437 1339 504 1414 sibi
516 1337 723 1410 Dalmatiam
742 1338 785 1410 ab
804 1339 956 1433 antiquis
973 1339 1192 1434 temporibus
1207 1339 1411 1428 obnoxiam,

209 1443 340 1515 Veneti
357 1462 448 1516 vero
478 1464 525 1514 ex
544 1443 754 1512 auctoritate
772 1441 1027 1535 Imperatorum
1055 1441 1225 1530 Orientis,
1245 1443 1412 1512 nomina-

210 1549 271 1617 tim
298 1544 443 1633 Basilii,
470 1554 507 1614 et
534 1541 776 1632 Constantini,
805 1553 876 1614 tum
895 1563 943 1614 ex
961 1543 1054 1616 dono
1083 1544 1204 1616 Alexii
1224 1539 1411 1632 Gomneni,

98 1693 101 1698 -
208 1645 310 1717 Bulla
336 1647 459 1718 Aurea
485 1642 678 1732 roborato,
707 1642 750 1714 ad
779 1647 1028 1740 sepertinere
1058 1643 1334 1742 praetenderant
1364 1645 1410 1734 ⁶),

211 1751 305 1819 omni
327 1747 419 1835 data,
447 1748 517 1816 imo
541 1747 700 1838 quaesita
721 1748 911 1817 occasione
936 1750 1106 1818 -istam
1133 1748 1343 1843 praeprimis
1364 1746 1408 1817 ob

211 1871 353 1922 causam
379 1887 431 1902 -·-
464 1850 570 1918 armis
599 1843 812 1939 Hungariam
841 1847 1013 1920 infestare
1050 1848 1141 1921 band
1175 1847 1405 1920 desistebant.

210 1950 365 2024 Tandem
382 1951 430 2032 A·
464 1950 573 2022 1357.
596 1947 778 2024 Ludovico
797 1949 823 2020 Ι.
848 1958 1020 2044 regnante
1039 1951 1178 2024 Veneta
1196 1949 1409 2045 Respublica

208 2053 416 2127 Delmatiam
442 2053 646 2137 universam
676 2074 696 2123 a
725 2051 906 2148 Dyracbio
935 2052 979 2125 ad
1007 2052 1146 2125 istriam
1176 2054 1313 2124 cunctis
1330 2072 1408 2123 cum

207 2155 336 2230 insulis
356 2155 392 2230 S.
414 2151 579 2229 Coronae
603 2149 755 2225 reddere
775 2165 913 2244 coacta,
941 2155 1044 2228 simul
1063 2158 1141 2246 ejus
1160 2154 1283 2244 titulis,
1309 2154 1405 2244 juri-

207 2257 342 2352 busque
360 2258 539 2330 universis
562 2257 680 2346 jurata
706 2258 901 2350 sponsione
929 2257 1116 2332 solleniter
1145 2260 1181 2332 iu
1198 2267 1406 2352 perpetuum

207 2360 431 2434 renunciavit
447 2353 525 2447 ss).

230 2483 283 2565 -)
305 2482 353 2544 De
375 2479 432 2542 lmc
456 2476 667 2542 coronatione
690 2481 902 2545 testimonium
924 2481 1000 2544 lacit
1015 2482 1080 2545 lien
1102 2482 1171 2562 lpse
1192 2481 1404 2547 colomannus

291 2569 324 2632 in
346 2562 518 2646 Privilegio
542 2566 685 2644 quodam,
707 2569 749 2628 Ae
767 2567 859 2632 ilos.
882 2567 1079 2631 Monielibus
1101 2566 1310 2632 Jadrensibus
1326 2587 1406 2630 con-

291 2671 393 2730 cesso,
415 2660 446 2714 et
468 2669 486 2712 a
509 2649 610 2714 Lucio
634 2650 827 2734 vulgatos),
860 2655 955 2716 verba
985 2651 1056 2736 ejus
1087 2653 1223 2716 initialia
1245 2654 1418 2736 sequentia

292 2747 383 2801 sunt:
407 2735 507 2818 „ego
532 2735 795 2801 colomannus
818 2737 889 2802 Dei
913 2740 1053 2802 Gratis
1073 2739 1406 2822 RoxHungariae,

293 2805 529 2904 ‚,(irootiae‚
564 2831 684 2903 atque
714 2822 961 2902 Dalmatiae,
991 2825 1107 2888 salvo
1136 2823 1274 2888 habito
1299 2822 1405 2888 Con-

292 2871 437 2988 scilta,
471 2916 689 2987 postquam
724 2919 947 2973 coronatus
972 2911 1036 2974 ini
1058 2909 1253 2992 Belgradi
1276 2927 1406 2992 supra

291 2993 477 3074 „marein
500 2991 931 3076 UrbeRegiaetc.etc“

227 3104 287 3189 00)
311 3103 449 3166 Tabulae
472 3095 697 3179 abdicationis,
728 3121 857 3184 quarum
881 3104 1052 3188 originale,
1076 3123 1145 3168 cum
1168 3105 1309 3168 venetiis
1333 3125 1405 3169 mo-

289 3209 451 3266 raremur,
473 3188 538 3268 ipsi
568 3188 801 3268 pervolvimus,
835 3209 951 3254 rursus
980 3192 1083 3254 solers
1117 3190 1236 3256 Lucius
1265 3191 1405 3272 integras

213 3337 216 3342 .
289 3277 389 3356 operi,
406 3293 499 3354 saepe
518 3283 698 3354 provocato,
716 3275 879 3356 inscripsit
894 3277 944 3358 ⁰3)
967 3277 1068 3340 Nobis
1082 3285 1203 3358 partem
1224 3279 1406 3354 earundem,

290 3361 423 3442 quaein
453 3360 583 3438 probam
618 3368 812 3424 assertorum
842 3361 934 3438 lacit,
967 3382 1131 3442 excerpere
1165 3363 1333 3426 suffecerit.
1356 3361 1403 3424 En

288 3445 394 3509 illam:
418 3444 507 3522 „Nos
531 3442 747 3508 communitas
772 3445 982 3524 Venetia'rum,
999 3457 1029 3510 et
1052 3449 1083 3510 in
1107 3449 1225 3511 nostris
1246 3449 1404 3528 personis,

290 3552 347 3612 „ac
371 3530 448 3608 vice,
471 3540 501 3594 et
523 3531 649 3592 nomine
671 3541 780 3595 nostro
803 3535 1055 3598 ambasciatores
1077 3533 1205 3609 llluncii,
1227 3543 1257 3595 et
1273 3532 1403 3615 syndici

288 3576 477 3706 :Jpraelibati
500 3616 648 3680 babentes
671 3619 710 3680 ad
734 3619 936 3702 infrascripta
959 3621 1100 3699 plenam,
1134 3628 1165 3682 et
1187 3619 1317 3681 liberam
1340 3637 1403 3698 po-

289 3712 463 3783 „‚teststem
486 3703 594 3783 vigore
612 3704 811 3767 instrumenti
824 3707 980 3804 praedicti
998 3706 1134 3770 contenti
1151 3706 1268 3767 luimus
1280 3725 1403 3768 renarr-

290 3790 410 3869 „ciare,
433 3795 463 3849 et
486 3787 688 3850 effectualiter
710 3791 930 3851 renunciamus
954 3791 991 3852 de
1013 3791 1126 3854 lacto
1117 3811 1150 3853 ιι
1175 3791 1319 3853 manibus
1342 3809 1403 3852 su-

287 3873 479 3956 „prasoripti
495 3873 601 3955 Regis,
625 3891 695 3950 suo,
708 3884 738 3938 et
753 3892 882 3938 snorum
897 3893 1117 3942 successorum
1131 3879 1250 3960 Regum
1266 3877 1403 3952 nomine,

198 4005 403 4020 m

120 4109 123 4115 Ι
232 4077 258 4211 ,bb
275 4075 661 4199 btbtddbrbebbvcs‘nbmemo
664 4145 702 4198 rle
719 4159 770 4222 per
793 4147 818 4198 la
841 4145 933 4198 storia
960 4145 1031 4199 della
1048 4147 1191 4200 Dalmatia.
1211 4145 1318 4200 volum.
1339 4147 1400 4200 due.

176 4257 179 4262 Ι
183 4219 314 4339 ledb
305 4215 425 4339 odtbrld
434 4219 523 4338 obdrlt.
543 4286 614 4349 Pray
632 4283 704 4340 ittet.
723 4287 789 4351 lieg.
812 4288 902 4355 Huog.
921 4299 946 4350 p.
967 4287 1026 4339 110.

231 4351 257 4415 0)
275 4355 327 4420 θιι.
345 4363 373 4408 et
390 4357 442 4409 loe.
461 4359 537 4418 cit..

230 4424 329 4494 eibib.
348 4424 374 4500 0.
392 4426 423 4480 0
440 4429 484 4482 07.
547 4488 552 4497 .
