3138 4858
1178 251 1335 327 ,81

226 411 295 477 tut
318 409 387 478 eben
417 407 521 490 bisina
544 406 672 480 beante
701 411 792 494 iona,
828 411 887 483 aab
919 407 990 492 buti
1018 411 1064 480 bie
1086 413 1258 500 saeternae
1281 415 1337 482 ben
1458 489 1459 494 ,

227 493 420 574 unicultor
442 495 488 562 tte
510 494 686 571 wotatitdt,
708 498 754 563 tte
776 498 929 582 actique,
958 497 1016 564 ant
1040 497 1099 566 too
1120 499 1339 584 (stridentium

225 579 461 664 oeelpotteobem
507 583 575 649 etet
607 577 884 666 gottettd'tietticben
909 581 1074 664 martion
1110 586 1188 666 uidit
1219 587 1339 666 butten,
1442 616 1473 644 ν
1546 591 1547 594 ’

224 667 314 748 babet
335 669 381 732 bie
404 667 524 750 tritona
554 669 641 750 buta)
673 669 766 750 einiqe
799 666 1000 752 amedmdiiqe
1031 667 1355 754 Beniumttnliatten,¹
1547 681 1550 698 ‘¹

101 796 103 800 -
229 755 302 830 obrue
332 753 456 833 babuto)
487 754 537 818 bet
571 751 903 834 {boitbdtoiotidponq
938 755 1111 836 nodalbeitiq
1145 772 1179 835 au
1211 758 1337 829 metten,

228 840 287 902 unt
309 838 377 920 tect)
400 840 456 903 tait
487 835 642 920 oebalides
672 837 852 918 strattona
886 841 939 904 bea
972 841 1153 921 mactent,
1178 840 1229 908 bet
1251 843 1338 914 turci

226 922 408 1004 §illibrandi
439 927 489 988 bet
511 926 624 991 orac
655 927 715 989 unt
746 922 950 1006 ‘pretiositas
984 925 1115 1004 entttept.
1148 927 1255 1006 Debet
1277 925 1340 992 eine

226 1005 361 1090 ltdqtidie
376 1005 634 1086 dulmettlamteit
657 1006 713 1087 oui
732 1011 786 1075 ben
804 1006 984 1091 bffentttdpen
1007 1011 1128 1090 boniet
1145 1009 1194 1076 bet
1211 1009 1339 1093 taddei,

224 1094 278 1159 bet
291 1096 403 1170 telana,
427 1095 485 1158 unt
500 1091 555 1172 oui
568 1093 613 1158 bie
630 1090 809 1175 identitatem
820 1095 1064 1177 iebrdtntiotten,
1090 1098 1148 1160 aab
1165 1097 1338 1176 teiibiblta

228 1181 334 1259 tielen.
384 1179 491 1257 Debet
514 1178 621 1266 sublici>
645 1178 903 1258 trinoctiamleit
926 1178 981 1258 oui
1001 1181 1060 1247 bad
1084 1183 1220 1263 abacta.
1251 1183 1336 1250 wan

232 1266 316 1330 beate
338 1282 395 1330 out
419 1262 474 1339 oui
501 1266 555 1329 ben
579 1264 779 1347 ffliibbtood),
811 1268 932 1346 melden
967 1264 1159 1349 accidiaberis
1188 1269 1334 1351 <porteion

232 1368 283 1431 aut
304 1352 371 1428 gaii
394 1352 445 1415 bet
467 1349 653 1416 meootutieo
676 1351 707 1417 tn
730 1352 831 1436 ‘petit
854 1353 951 1418 boten
976 1352 1116 1433 qemadt·
1140 1351 1199 1418 acu

168 1457 224 1542 ii)
247 1459 345 1520 Nemo
368 1477 415 1520 me
439 1491 478 1503 -
502 1475 616 1538 quaeso
641 1493 680 1504 -
705 1455 840 1541 injuriae
863 1467 984 1541 arguat,
1007 1478 1069 1520 non
1092 1459 1173 1521 enim
1196 1449 1341 1523 aueto'res
1454 1452 1457 1456 ’

231 1545 354 1620 damno,
378 1543 558 1605 liberaliora
579 1543 735 1623 principia
754 1542 861 1628 justos
884 1545 967 1606 intra
990 1545 1105 1606 limites
1129 1546 1342 1626 propalantes,

231 1629 559 1709 nequellpbemerides
573 1649 676 1708 ‘carpo
692 1630 758 1691 sina
784 1629 976 1708 discrimine,
999 1631 1053 1691 sed
1078 1631 1121 1691 de·
1138 1630 1204 1694 illis
1226 1629 1342 1693 lamel-

228 1715 298 1776 licis
329 1714 593 1784 scribillatoribus
624 1716 753 1794 loquor,
789 1716 842 1797 qui
873 1715 980 1790 idem,
1010 1735 1045 1776 ac
1075 1715 1236 1779 veritatem
1267 1726 1342 1798 post

227 1818 370 1862 nummos
394 1800 541 1862 babentes
565 1820 612 1877 eo,
635 1820 695 1880 quo
718 1821 792 1881 spes
814 1801 895 1864 lucri
918 1797 1019 1885 major
1042 1801 1188 1882 affulget,
1221 1801 1343 1864 saliceti

228 1887 328 1946 instar
351 1883 550 1960 deflectendo,
572 1887 665 1945 modo
687 1886 854 1965 Regimini,
876 1905 957 1963 nunc
979 1885 1153 1946 malesanae
1173 1887 1341 1967 populari-

228 1971 285 2031 tati
307 1969 399 2030 tbura
423 1970 624 2045 succendunt,
643 1976 707 2029 tum
731 1989 784 2030 eos
803 1970 1026 2030 relraenandos
1050 1969 1154 2050 cupio,
1177 1973 1337 2052 dequibus
1383 1997 1384 2000 ¹

228 2054 306 2115 alter
330 2053 449 2114 nostris
473 2053 583 2113 diebus
607 2072 715 2114 canere
737 2061 846 2132 posset
869 2053 1038 2115 Denisius:

320 2138 476 2218 „lnsultat
500 2137 585 2218 coelo
612 2138 776 2218 impietas,
806 2139 981 2200 reverentia
1003 2137 1103 2218 legum

394 2223 526 2286 lustitia
547 2223 710 2302 abscessit,
735 2223 843 2304 lesque
865 2226 1026 2305 pudorque
1049 2220 1192 2304 procul.“

133 2333 225 2417 laea)
248 2334 472 2396 Documentum
496 2332 587 2394 duris
606 2329 713 2415 hujus,
735 2353 792 2412 per
807 2331 1055 2396 Maximilianum
1072 2332 1227 2410 quondam
1246 2349 1339 2393 exer·
1431 2330 1437 2335 ’

229 2420 299 2494 citi,
322 2419 446 2483 exbibet
468 2418 559 2480 nobis
582 2436 619 2480 ex
640 2417 789 2498 originali
811 2437 892 2498 opus
915 2417 1126 2497 periodicum,
1155 2436 1174 2478 a
1197 2417 1342 2496 pluribus

230 2506 320 2565 annis
344 2506 555 2565 continuatum
570 2503 620 2585 ·):
644 2503 782 2565 Litteras
804 2505 917 2584 quippe
941 2499 1081 2585 ejusdem
1100 2503 1206 2582 Regis,
1230 2503 1344 2583 quibus

231 2590 290 2650 sub
313 2589 401 2670 gravi
433 2589 645 2670 indignatione
675 2589 779 2670 regia,
811 2588 1014 2668 ulteriorique
1046 2588 1209 2667 punitione
1233 2606 1344 2650 severe

230 2675 390 2736 interdicit
411 2674 560 2750 Nimiae,
593 2682 626 2740 et,
651 2674 801 2736 Ladislao
829 2675 980 2755 canayo,
1010 2692 1048 2734 ne
1072 2673 1171 2735 libros
1195 2673 1343 2752 religioni

229 2761 425 2839 perniciosos
447 2759 480 2820 in
504 2779 562 2822 sua
584 2759 708 2839 privata
730 2761 938 2842 typographia
961 2759 1104 2840 deinceps
1122 2759 1272 2837 imprimi,
1294 2757 1343 2819 vel

228 2844 293 2930 jam
324 2847 497 2925 impressos
527 2846 622 2907 vendi
651 2845 782 2923 faciant,
816 2866 870 2910 nee
898 2843 1069 2926 quidquam·
1095 2844 1230 2923 amplius
1264 2852 1341 2924 typo

231 2931 449 3007 committatur,
473 2933 554 3011 quod
577 2931 666 3010 prius
689 2931 797 2994 Eidem
820 2933 858 2993 ad
882 2929 1084 2994 revidendum
1110 2937 1342 3009 praesentatum

232 3034 293 3075 non
322 3015 434 3094 luerit,
467 3035 503 3077 ac
531 3017 688 3097 subsequa
717 3019 941 3099 approbatione
970 3014 1059 3096 regia
1089 3015 1250 3078 accedente
1282 3014 1343 3090 edi,

234 3099 418 3180 vulgarique
441 3119 634 3167 concessum.

679 3290 715 3377 δ.
744 3291 831 3364 458.

501 3437 739 3530 Befelluutcr
757 3452 990 3530 qrpumcnto.
1097 3464 1100 3470 ·

254 3579 492 3675 Objiciebatur
519 3583 561 3654 ab
591 3583 708 3680 aliquo
736 3593 896 3680 tempore
925 3583 1235 3679 frequentissime,
1265 3595 1348 3655 eta

152 3685 268 3758 multis
288 3689 392 3757 etiam
418 3708 512 3757 nunc
539 3685 801 3780 praetenditur:
830 3685 961 3756 nullam
987 3695 1131 3758 exstare
1151 3695 1226 3758 toto
1253 3685 1349 3757 luris

152 3790 255 3882 patrii
282 3789 405 3859 codice
432 3787 570 3878 legem,
599 3808 689 3880 quae
716 3786 780 3858 Jus
810 3784 990 3860 Censurae
1016 3787 1185 3859 librorum
1213 3786 1350 3879 Regiae

15 3979 17 3983 Υ
141 3887 329 3979 'Majestati
347 3889 407 3962 vel
427 3888 644 3978 addixisset,
671 3887 731 3960 vel
759 3897 965 3983 competere
980 3898 1235 3986 recognoscat,
1255 3885 1350 3980 quod

153 3990 314 4083 equidem
333 3991 377 4061 ad
396 4012 535 4080 aevum,
565 4011 633 4085 quo
653 3989 835 4076 historiam
854 3989 944 4062 banc
969 4001 1127 4062 nostram
1146 3989 1351 4076 claudimus,

154 4093 245 4179 vin,
274 4113 316 4162 ac
334 4113 379 4161 ne
398 4097 461 4164 vix
480 4090 620 4185 quidem
638 4090 780 4164 veritati
800 4094 963 4184 congruit
982 4091 1157 4166 adversus
1176 4087 1352 4160 indubium
1443 4159 1444 4162 ,

153 4213 296 4265 sensum
313 4193 392 4264 Art.
413 4194 472 4265 26.
496 4197 603 4266 1791.
624 4193 682 4283 id,
710 4193 903 4287 etquidem
930 4215 996 4287 per
1022 4191 1162 4264 modum
1181 4189 1349 4286 specialis

182 4383 209 4442 ¹)
226 4383 419 4452 'l'rrdominyos
438 4384 619 4452 Gydjtemday
639 4389 710 4442 Auni
729 4387 808 4443 18³8.
824 4387 905 4446 Face.
923 4383 949 4444 1.
968 4399 995 4454 p.
1016 4386 1059 4440 di.
1077 4391 1104 4440 at
1122 4397 1182 4530 ssssq.
