3110 4882
214 260 290 347 914

216 442 387 528 stituere,
414 443 539 536 partim
560 442 767 528 continuas,
787 439 908 534 quales
927 440 964 510 in
983 440 1147 537 exemplo
1167 448 1267 512 sunt:
1298 459 1427 510 oeco-

215 546 400 629 nomicae,
430 552 465 613 et
495 542 733 639 orphanales,
761 543 822 614 vel
852 543 1043 613 occasione
1076 541 1223 636 quadam
1254 539 1424 634 speciali,

215 667 290 718 non
323 666 435 737 pauca
472 648 599 734 etiam,
627 656 802 739 tamquam
828 646 974 714 minoris
1004 647 1193 732 momenti,
1231 643 1292 716 vel
1320 641 1426 736 quod

217 769 352 820 moram
379 768 452 817 non
482 744 633 834 ferant,
654 756 711 817 aut
740 745 955 842 peculiarem
983 744 1271 817 deliberationem
1300 767 1427 838 neque

220 851 436 944 deposcant,
464 851 499 919 in
518 849 789 944 particularibus
809 847 1153 940 congregationibus
1173 847 1305 918 assumi
1324 869 1427 918 con-

220 956 386 1025 svevisss
405 955 655 1045 praemiseram
673 949 727 1042 ⁴⁵).
741 948 848 1042 Cujus
868 959 984 1043 tamen
1002 952 1037 1019 in
1054 959 1230 1044 potestate
1250 971 1320 1020 non
1340 958 1428 1020 crat

222 1053 400 1148 generalis
422 1050 628 1125 Conventus
648 1052 888 1124 sanctionibus
915 1052 1089 1143 derogare
1121 1052 1176 1142 a),
1203 1054 1297 1138 imo,
1328 1073 1427 1144 quae

221 1154 281 1228 illa
301 1155 558 1244 determinavit,
581 1159 647 1226 istc
666 1157 769 1244 justis
789 1176 808 1224 e
829 1154 1170 1225 considerationibus
1190 1153 1281 1224 haud
1300 1152 1427 1224 inire-

223 1268 371 1353 quenter
388 1259 570 1327 immutare
588 1267 747 1351 poterat,
776 1278 843 1327 nec
871 1257 1092 1350 particularis
1120 1254 1425 1348 congregationis

224 1360 367 1449 decisa,
396 1369 580 1451 antequam
598 1365 662 1454 p'er
682 1359 885 1452 generalem
903 1357 1178 1447 ratihabeantur,
1197 1356 1306 1429 robur
1327 1380 1426 1428 oon-

223 1466 342 1534 tinuae
365 1459 536 1532 firmitatis
556 1464 759 1534 sortiuntur.

269 1585 307 1670 ²²⁵)
331 1585 366 1646 ln
400 1583 539 1664 exemplo
572 1584 726 1662 Militiae,
771 1584 820 1646 vel
853 1584 1048 1666 publicorum
1081 1593 1334 1664 transponerem,
1367 1603 1430 1662 per

314 1669 502 1732 Comitatum
541 1669 822 1750 proficiscentium,
866 1670 1125 1747 accommodatio,
1170 1678 1222 1730 eut
1266 1669 1429 1748 promotio

310 1755 540 1836 publicationes
564 1776 668 1817 rerum
700 1759 902 1837 perditarum,
925 1759 1128 1817 terminorum
1152 1755 1340 1830 edictalium,
1363 1775 1430 1814 va-

313 1841 548 1922 gabundorum‚
582 1841 754 1904 aliorumve
778 1851 1011 1921 suspectorum,
1046 1842 1095 1902 vel
1118 1842 1341 1922 profugorum,
1369 1850 1431 1902 eut

313 1925 453 1990 collectio
476 1927 733 1992 charitativarum
757 1926 965 1991 Simbolarum
989 1928 1027 1990 ab
1053 1929 1157 1990 altiori
1180 1927 1249 1990 loco
1272 1927 1428 1990 admissa.

754 2089 791 2177 §.
821 2088 907 2162 691.

606 2235 867 2330 Concluceque
888 2236 1048 2330 ferendi.

333 2382 428 2454 lntra
458 2381 596 2454 debitae
635 2388 824 2458 activitatis
867 2385 995 2455 limites
1031 2392 1197 2456 votorum
1229 2384 1430 2481 pluralitate

233 2483 422 2573 conclusa,
451 2485 723 2581 protocolloque
752 2485 871 2575 illata,
900 2489 1005 2557 etiam
1032 2508 1097 2580 pro
1127 2485 1329 2557 absentibus
1356 2491 1430 2561 vim

233 2586 461 2679 obligativam
480 2586 684 2660 exerebant.
698 2583 826 2674 'Quum
846 2599 961 2661 autem
981 2593 1017 2660 in
1037 2593 1130 2659 omni
1149 2588 1342 2683 Republica
1360 2591 1430 2659 rite

233 2689 418 2778 ordinata,
448 2690 543 2760 nulla
564 2694 609 2762 sit
634 2689 829 2782 Regiminis
849 2713 953 2787 pars,
983 2713 1072 2785 quae
1100 2712 1297 2784 supremam
1323 2692 1431 2760 Prin-

233 2793 322 2883 cipis
342 2795 465 2862 summi
482 2794 765 2883 inspectionem,
795 2803 831 2863 et
857 2797 1072 2864 revisionem
1101 2793 1280 2863 efficacem
1300 2791 1432 2862 exolu-

236 2888 294 2958 dat
313 2893 452 2982 (444),
480 2894 604 2961 mirum
622 2914 695 2963 non
714 2903 792 2981 est,
821 2894 910 2964 haec
929 2917 1069 2989 quoquc
1089 2893 1320 2967 Comitatuum
1335 2892 1432 2963 Pro-

232 2991 365 3062 tocolla
383 2991 833 3086 Regiae'blajestati,jure
852 3019 916 3090 per
934 3019 1035 3068 usum
1054 3001 1169 3091 ipsum
1187 2995 1429 3090 comprobato,

235 3091 350 3170 metio
370 3096 534 3194 Supremi
553 3093 698 3173 Comitis
718 3098 896 3173 substerni
915 3099 1091 3172 debuisse.
1166 3121 1169 3128 ’

767 3303 803 3388 §.
833 3305 918 3376 692.

327 3431 330 3436 ’
413 3453 639 3544 singulares
669 3431 920 3524 dominatuum
947 3453 1256 3540 Praeropeuoue.

341 3602 569 3675 Praetorius
602 3601 737 3677 Statuta
756 3601 951 3688 condendi,
979 3608 1015 3669 et
1047 3599 1254 3673 Judic'ialem
1272 3597 1436 3670 Admini-

241 3707 446 3787 strationem
467 3716 536 3776 tam
564 3706 727 3791 civilem,
757 3726 857 3797 quam
887 3701 1123 3787 criminalem,
1154 3723 1255 3794 quam
1282 3699 1437 3770 Jurisdi-

140 3823 142 3826 ·
241 3806 414 3876 otionibus
434 3807 551 3898 Regni
569 3827 616 3876 ex
633 3804 753 3875 indole
772 3805 972 3879 attributam
989 3802 1140 3874 vidimus
1160 3799 1288 3890 (681),
1308 3798 1437 3872 habent

240 3903 432 3978 Comitatus
450 3907 579 3999 singuli
589 3905 784 3978 Archivum
814 3905 862 3996 b),
875 3903 1104 3997 sigillumque
1124 3900 1361 3972 authenticum
1391 3902 1435 3992 ⁰),

238 4031 259 4079 a
277 4007 391 4102 Regia
409 4008 606 4099 lilaJ'estate
625 4029 858 4096 concessum,
887 4005 1212 4099 Congregationum
1240 4004 1435 4074 auctorita-

238 4119 310 4181 tcm
337 4132 402 4207 per
429 4110 599 4184 indecens
635 4110 785 4200 dictum,
822 4119 881 4182 aut
908 4108 1038 4193 factum
1071 4104 1216 4179 laedere
1245 4113 1432 4196 attentans,

239 4236 455 4246 -..--.-—-

270 4279 295 4334 at
315 4280 393 4332 172³.
413 4281 456 4332 ss.

269 4361 298 4428 h)
317 4365 394 4416 aros.
416 4367 457 4417 11.

271 4443 299 4514 ⁰)
319 4451 396 4505 1550.
415 4451 457 4504 62.
