3142 4862
155 419 158 424 ’
214 417 303 510 ,toti
319 419 505 506 Dalmatiae,
527 421 725 492 smediotate
742 423 1174 513 scillcetsvnmant,2ueque
1196 432 1236 494 ad
1255 451 1334 498 ron-

218 515 318 594 „ines
340 514 489 593 Duracii,
511 515 657 578 omnibus
681 515 891 596 Civitatibus,
913 518 1027 598 terris,
1050 519 1183 597 castris,
1206 518 1340 599 insulis,

130 635 160 664 ,·
214 601 412 685 ¹„portubus,
444 607 474 662 et
494 596 641 683 juribus,
672 621 749 682 quaa
779 603 1017 682 habuissemus,
1050 613 1079 668 et
1111 605 1334 680 tenuissemus,

220 687 441 766 „habebamus
458 694 487 746 et
502 687 682 749 tenebamus
702 689 733 749 in
750 686 878 765 eisdem,
898 710 1020 771 quoquo
1037 693 1140 766 modo,
1163 699 1192 752 et
1208 690 1334 770 specia-

219 773 312 849 „liter
336 771 525 835 Civitatibus
548 773 672 849 Nonae,
704 773 837 850 dadrae,
861 777 1054 852 Scardonac,
1085 776 1224 838 Sibenici
1246 776 1335 837 Tra-

221 858 337 938 „gurii
360 856 496 936 Spoleti,
527 865 556 919 et
573 859 710 940 Rugusii
733 859 765 920 in
797 867 881 922 terra
903 861 992 922 firma
1015 862 1232 926 existentibus.
1257 861 1334 923 Item

219 942 444 1022 „Civitatibus
468 950 496 1003 et
519 944 613 1006 terris
643 942 878 1026 adjacentibus,
906 946 1068 1008 videliceta
1094 946 1224 1022 Oberso,
1246 946 1334 1026 Veg-

222 1029 296 1108 „lia,
318 1030 422 1105 Arbo,
445 1027 546 1108 Pago,
570 1029 728 1105 Brachiae,
752 1030 904 1107 Lesinae‚
928 1032 1100 1107 Carsulae,
1124 1052 1192 1095 oum
1215 1031 1332 1093 insulis

220 1116 428 1194 „cei-undem,
450 1133 519 1175 cum
543 1116 686 1178 omnibus
709 1117 918 1196 pertinentiis,
941 1126 972 1179 et
993 1117 1183 1180 utilitatibus
1216 1136 1335 1179 earun-

222 1201 322 1278 „dem,
344 1219 379 1262 ac
400 1199 501 1260 titulis
522 1199 707 1276 Dalmatiae,
730 1201 887 1277 Oroatiaa,
915 1203 1029 1282 quibus
1052 1203 1098 1264 uti
1121 1221 1336 1265 consuevera-

221 1305 323 1367 ,‚mus‚
346 1293 383 1348 et
405 1292 528 1347 totum
551 1285 730 1364 ipsorum
751 1285 839 1368 jus,
862 1295 899 1349 at
918 1289 1159 1365 dominium,
1183 1295 1219 1350 et
1239 1305 1335 1366 pro-

223 1373 480 1453 ,‚prietatem,
505 1371 541 1432 si
564 1389 660 1450 quas
690 1371 1002 1449 habuissemus,
1035 1373 1075 1433 in
1098 1373 1231 1452 ipsum
1256 1371 1334 1432 Do-

222 1456 558 1538 „minumlicgem,
582 1462 617 1517 et
640 1473 899 1518 successores
922 1475 1021 1519 suos
1038 1465 1202 1536 sponte,
1227 1455 1334 1517 deli-

223 1542 1335 1622 ‚,berate,etcummaturitatetransferentes,renun-

222 1629 400 1707 „cientes
423 1628 596 1708 insuper
619 1629 722 1690 omni
753 1629 926 1705 actioni,
949 1636 990 1692 et
1013 1628 1118 1690 omni
1138 1625 1271 1711 juris,
1297 1633 1334 1688 st

220 1715 350 1796 „legis
379 1711 609 1789 beneficio,
642 1714 790 1794 quibus
823 1713 910 1775 ullo
940 1733 1110 1794 unquam
1144 1722 1334 1790 tempore

220 1818 455 1879 „possemus
489 1808 631 1860 contra
655 1798 899 1878 praedicta,
930 1799 992 1860 vel
1020 1799 1336 1879 praedictorum

221 1884 411 1964 „aliquod
433 1900 503 1944 nos
532 1881 699 1962 juvare,
722 1893 757 1943 et
789 1885 1066 1960 promittentes
1100 1884 1337 1946 solenniter

223 1971 317 2048 „sub
350 1967 513 2028 vinculo
548 1967 797 2027 Sacramenti
831 1987 889 2044 pro
913 1968 1023 2040 nobis,
1054 1975 1083 2028 et
1107 1968 1335 2030 communitate
1399 2026 1401 2032 .

223 2053 364 2130 „Veneta
385 2047 591 2130 corporaliter
608 2051 766 2128 praestiti,
790 2049 834 2111 de
857 2051 952 2128 ipsa
972 2049 1197 2127 Dalmatia,
1221 2051 1335 2112 civi-

225 2137 423 2215 „tatibus,
445 2134 593 2211 terris,
617 2135 791 2212 castris,
814 2135 937 2212 locis,
961 2135 1137 2211 insulis,
1157 2133 1335 2217 juribus,

225 2230 284 2300 „et
307 2221 472 2299 titulis,
505 2238 547 2282 ac
577 2222 762 2300 ipsorum
792 2221 1083 2302 possessione,
1115 2238 1187 2282 seu
1211 2219 1336 2281 domi-

225 2308 315 2392 „nio
348 2307 464 2369 nullo
496 2325 663 2386 unquam
696 2315 878 2386 tempore
909 2326 978 2388 per
1007 2325 1100 2382 nos,
1135 2305 1196 2367 vel
1227 2304 1338 2366 alios

224 2411 315 2470 „nos
346 2393 653 2469 intromittere,
685 2392 735 2455 vel
764 2393 944 2475 aliqualiter
974 2393 1142 2474 impedire,
1178 2390 1338 2472 usquead

226 2478 384 2557 „confines
406 2479 579 2543 antedictos
602 2485 660 2542 etc.
683 2481 761 2543 etc.“

682 2613 719 2696 §.
752 2613 808 2684 13.

331 2739 476 2812 Veteres
499 2739 679 2810 Croon‘oe
699 2752 735 2808 et
751 2735 969 2809 Dalmatiae
986 2739 1150 2810 Limites

243 2861 386 2934 Limites
415 2872 574 2950 veteres,
603 2863 662 2954 qui
681 2858 895 2932 Oroatiama
919 2861 1092 2934 Dalmatia
1112 2861 1334 2951 sejunge·
1401 2923 1403 2928 .

144 2963 279 3053 bant,
308 2985 385 3034 eum
411 2966 472 3034 uni
501 2961 685 3056 eidemque
712 2983 797 3034 suae
824 2967 941 3056 gentis
969 2960 1124 3057 Principi
1154 2969 1335 3057 parerent,

144 3064 248 3137 isthic
267 3065 418 3137 sollicite
437 3065 606 3158 indagare
625 3087 697 3138 non
714 3076 830 3138 vacat.
850 3066 1019 3160 Alioquin
1038 3069 1068 3137 si
1087 3065 1178 3134 Acta
1197 3061 1338 3158 publica

146 3165 312 3260 desuper,
337 3166 398 3240 vel
416 3167 594 3240 Auctores
614 3169 803 3256 consulas,
830 3170 1017 3260 regionem
1034 3167 1252 3252 maritimam,
1281 3162 1338 3232 oui

144 3266 303 3359 Segnia,
323 3269 550 3355 Tersaotum,
571 3268 676 3357 Lioa,
696 3278 801 3364 atque
820 3271 957 3365 reliqua
974 3269 1055 3341 loca
1074 3268 1339 3358 circumjacent,

143 3372 345 3462 promiscue
363 3388 455 3437 nunc
474 3367 517 3437 ad
534 3367 643 3457 hano,
671 3370 775 3440 modo
802 3371 846 3442 ad
863 3372 957 3444 illam
973 3369 1103 3441 referri
1132 3368 1337 3465 deprehen·
1367 3372 1369 3377 '

146 3469 221 3541 des.
250 3468 374 3556 Quoad
400 3466 608 3538 Dalmatiam
636 3489 740 3556 vcro,
759 3491 827 3540 nec
851 3473 928 3564 ipsa
948 3472 1208 3556 conjunctionis
1234 3473 1339 3557 ratio,

145 3593 213 3663 qua
233 3571 409 3665 subsequa
428 3569 630 3664 Hungariae
648 3576 891 3664 -tamquam
909 3567 1183 3661 metropolitano
1213 3569 1341 3640 Terri-

145 3675 239 3743 torio
268 3712 320 3724 —
350 3671 505 3764 obnoxia
532 3682 629 3762 erat,
666 3673 752 3744 satis
789 3673 961 3766 cognosci
988 3678 1117 3765 potest.
1156 3669 1196 3741 ld
1222 3680 1341 3745 tamen

148 3783 246 3844 certo
266 3775 399 3866 liquet3
418 3772 539 3867 Reges
559 3795 607 3844 cx
625 3773 763 3864 ordine,
775 3774 843 3864 his,
864 3793 950 3868 quas
970 3775 1149 3862 recensui,
1164 3775 1341 3845 cacteris-

149 3896 216 3969 que
234 3876 414 3946 maritimis
432 3874 607 3964 Urbibus,
636 3897 656 3945 e
676 3874 799 3970 quihus
818 3885 928 3947 totum
956 3897 1050 3970 pene
1068 3874 1231 3970 Regnum
1250 3897 1342 3946 con-

148 3974 274 4065 stabat,
289 3975 369 4066 jura
389 3996 451 4048 sua
469 3977 692 4070 municipalia
710 3977 809 4050 salva
824 3979 1026 4072 reliquisse,
1038 3981 1121 4070 quin
1139 3981 1243 4049 novis
1263 3980 1343 4072 pri-

145 4076 290 4171 vilegiis
310 4076 448 4168 additis,
462 4079 658 4151 solenniter
677 4078 917 4153 confirmasse.
938 4079 1081 4150 Illorum
1101 4101 1121 4148 e
1140 4082 1342 4173 praecipuis

147 4189 243 4250 erat:
264 4178 376 4250 libera
395 4177 562 4269 Comites,
581 4181 817 4271 Rectoresve,
844 4193 947 4277 atque
967 4179 1167 4275 Episcopus
1188 4179 1344 4272 eligendi

145 4289 322 4380 potestne,
342 4303 431 4375 quae
452 4291 608 4352 etentes
628 4285 779 4378 populus
798 4281 981 4370 habuerat,
1004 4293 1075 4352 tum
1092 4281 1204 4351 libera
1223 4303 1343 4374 nego-

147 4379 270 4472 tiandi,
287 4379 546 4478 navigandique
565 4382 728 4480 facultas,
749 4406 790 4457 ac
807 4384 952 4483 propria
966 4383 1090 4476 judicii
1108 4403 1241 4558 qorma.
1261 4379 1343 4458 Non
