3110 4882
1289 29 1296 69 l

1260 199 1333 315 211
1399 230 1402 237 ·

137 364 285 463 publicis
306 360 548 437 Conventibus
568 360 819 459 pertractabat,
849 385 996 459 cumque
1014 361 1051 434 in
1069 359 1137 456 bis,
1157 387 1247 462 quos
1262 369 1337 460 jam

138 479 235 541 aetas
255 465 470 560 sigismundi
490 462 798 559 congregationes
816 470 960 541 vocavit
990 465 1036 556 ⁵),
1064 479 1207 560 praeter
1234 471 1335 543 ordi-

137 574 273 644 narium
309 569 552 662 Magistratum
585 571 774 640 universus
815 579 938 641 coetus
968 567 1145 642 Nobilium
1181 572 1339 662 cujusvis

139 673 284 768 gradus,
314 683 349 744 et
375 671 529 762 ordinis,
558 674 677 764 quiin
706 673 840 764 gremio
877 671 938 746 vel
968 672 1121 764 degunt,
1157 674 1219 748 vel
1246 673 1341 748 bona

139 773 338 872 possident,
367 796 444 844 oum
463 771 548 846 Jure
567 771 723 866 suffragii
743 793 949 868 comparere
977 783 1124 868 posset,
1152 773 1245 848 haud
1270 781 1341 850 im-

140 879 266 948 merito
293 874 392 948 titulo
420 875 779 950 Universitatis
815 875 1162 966 Praelatorum,
1201 877 1343 951 Baro-

26 1003 36 1070 ·4.
141 1001 254 1068 num,
281 976 566 1070 Magnetum,
612 985 655 1048 et
691 975 933 1050 Nobilium
968 1000 1040 1050 non
1071 976 1175 1050 modo
1202 982 1280 1074 ipse
1307 983 1345 1054 iu

32 1103 36 1148 1
142 1083 296 1178 propriis
318 1080 500 1173 scripturis
519 1082 569 1150 uti
589 1081 790 1169 consuevit,
808 1102 934 1152 verum
953 1079 995 1152 ab
1014 1078 1092 1153 aliis
1112 1102 1251 1175 quoque
1270 1081 1343 1155 ho-

9 1213 34 1260 ro
143 1181 348 1268 morabatur,
378 1179 471 1274 quod
490 1189 607 1253 tamen
625 1179 668 1250 de
688 1181 912 1273 generalibus
941 1182 1056 1255 solum
1075 1179 1342 1276 Congregatio-

8 1299 34 1364 tn
143 1282 246 1355 nibus
266 1279 439 1374 intellige,
467 1281 511 1352 ad
529 1303 616 1376 quas
635 1303 762 1375 nempe
780 1304 846 1377 pro
867 1286 1056 1378 gravitate,
1075 1306 1118 1355 ao
1134 1284 1254 1358 indole
1275 1284 1345 1357 ob-

8 1429 10 1446 .
139 1387 317 1477 jactorum
343 1392 417 1454 tota
437 1380 612 1455 Nobilitas
643 1392 880 1473 convocatum
904 1409 984 1458 nam
1010 1385 1054 1458 ad
1078 1387 1225 1460 minoris
1260 1408 1345 1459 mo-

10 1476 32 1561 ’.
144 1489 264 1575 menti,
291 1484 352 1557 vel
373 1489 537 1577 urgentia
561 1482 758 1556 definienda
778 1483 938 1576 Nobiles,
966 1490 1025 1582 qui
1052 1490 1089 1560 in
1117 1497 1257 1582 promtu
1275 1487 1344 1560 ba-

8 1629 11 1673 ;
144 1587 220 1660 beri
239 1594 402 1682 possunt,
430 1588 582 1674 invitati,
610 1607 688 1656 oum
712 1586 883 1676 Statuum,
921 1598 957 1659 et
985 1587 1153 1662 Ordinum
1179 1590 1280 1664 titulo
1308 1592 1346 1664 iu

15 1711 29 1788 's
145 1687 394 1784 particularem
416 1685 741 1781 Congregationem
760 1688 1031 1764 conveniebant.

670 1838 706 1924 ὃ.
736 1839 821 1911 685.

442 1987 451 2004 “
508 1961 658 2048 Objecta
687 1983 732 2034 eo
759 1967 981 2054 spectantia.

250 2108 307 2180 Ad
323 2108 526 2201 generalem
540 2106 862 2202 Congregationem
880 2109 1089 2206 praeprimis
1103 2106 1301 2204 spectabat:
1317 2106 1345 2178 l.

149 2210 341 2283 Publicatio
368 2210 608 2282 Articulorum
637 2210 858 2301 diaetalium,
894 2209 1138 2285 Mandatorum
1167 2214 1348 2302 regiorum

153 2316 265 2384 omnis
285 2317 443 2404 generis,
472 2323 507 2383 et
534 2312 775 2384 lntimatorum
795 2311 941 2387 Consilii
959 2314 1064 2407 Regii
1082 2312 1348 2386 Looumtenen-

149 2416 264 2504 tialis,
292 2411 486 2508 horumque
519 2416 696 2485 executio.
734 2410 777 2485 ll.
810 2414 946 2489 Electio
975 2413 1204 2511 Magistratus
1224 2411 1349 2486 Comi-

150 2517 299 2588 tatonsis
330 2511 364 2605 a)
412 2536 453 2584 ao
481 2513 696 2586 Nunoiorum
733 2516 933 2590 diaetalium
964 2519 1006 2610 ο).
1054 2516 1113 2589 ΙΙΙ.
1152 2513 1347 2590 Comitialis

150 2616 397 2688 Instructionis
423 2614 649 2688 elucubratio.
680 2617 738 2689 IV.
768 2618 1024 2715 Subrepartitio
1055 2641 1202 2690 onerum
1229 2615 1350 2712 publi-

153 2739 284 2790 corum.
314 2717 357 2788 V.
379 2715 498 2790 Omnis
519 2717 798 2790 extraordinaria
817 2721 861 2792 ad
880 2724 1053 2793 aerarium
1080 2722 1262 2816 proprium
1284 2738 1349 2791 as-

153 2823 314 2911 signatio.
336 2816 396 2889 Vl.
418 2819 623 2908 Armalium,
646 2821 707 2894 vel
728 2822 875 2894 aliorum
896 2822 1166 2918 Privilegiorum
1184 2819 1351 2914 divulga-

152 2923 202 2990 tio
234 2918 280 3010 d).
300 2918 378 2990 Vll.
406 2918 644 3014 Promulgatio
663 2922 723 2994 vel
742 2925 904 3016 elargitio
918 2925 1126 2996 Litterarum
1145 2923 1189 2995 de
1207 2920 1350 2995 Nobili-

18 3063 20 3074 ι
154 3029 225 3090 tate
244 3022 481 3090 testimonium
499 3021 754 3113 praebentium,
775 3035 834 3094 aut
853 3048 872 3094 a
888 3029 1036 3118 privatis
1055 3024 1189 3095 Jurium
1209 3045 1352 3094 suorum

154 3125 191 3192 in
211 3119 382 3190 cautelam
397 3132 711 3213 praesentaturum,
725 3122 1081 3220 desideratarumque.
1108 3123 1200 3195 Vlll.
1210 3121 1351 3195 Relatio

158 3220 478 3316 chirographorum
490 3225 526 3293 in
537 3221 713 3318 publicum
726 3225 964 3298 Protocollum
994 3221 1352 3319 ⁰),vulgolntabula-

156 3329 216 3397 tio.
250 3325 309 3394 lX.
332 3320 621 3419 superinspectio
649 3328 703 3396 rei
732 3326 915 3422 pupillaris
946 3323 989 3418 Ἴ.
1020 3327 1065 3399 Χ.
1095 3325 1351 3398 Determinatio

157 3429 306 3498 actionis
325 3424 486 3519 publicae
506 3449 552 3497 ex
570 3429 708 3499 ratione
728 3431 922 3524 perpetrati
933 3431 1100 3517 criminis,
1119 3427 1353 3500 sivealterius

159 3529 287 3599 delicti.
300 3526 360 3597 Xl.
372 3525 641 3611 Quaerimoniae
650 3532 881 3622 privatorum,
893 3540 1064 3624 quatenus
1078 3528 1122 3599 ad
1132 3528 1355 3618 judiciariam

158 3629 414 3703 discussionem
429 3650 502 3699 non
518 3634 708 3724 pertinent,
729 3652 837 3725 saepe
859 3653 902 3703 eo
922 3630 1147 3703 derivandae.
1164 3627 1242 3702 Xll.
1262 3625 1353 3700 Oura
1469 3680 1471 3684 -

160 3729 309 3826 deniquo
328 3728 477 3802 Politiae
499 3730 683 3826 publicae,
704 3730 1001 3826 Contributionis,
1029 3743 1065 3806 at
1084 3729 1283 3808 Cassarum.

188 3913 214 3979 ι)
233 3912 310 3968 man
330 3919 356 3971 r.
458 3955 460 3959 ,

188 3999 216 4064 1»)
235 4003 312 4056 maa.
332 3999 376 4059 oo
396 4027 428 4041 -
447 4001 525 4058 rrae.
543 4003 585 4056 tt.

189 4083 571 4148 amm-wa

190 4167 217 4233 ὁ)
237 4174 313 4226 rouo.
332 4174 374 4229 ao.

191 4257 215 4320 a)
234 4260 312 4312 maa.
329 4262 355 4317 r.

190 4341 221 4407 ¹)
239 4342 317 4399 root.
333 4347 378 4400 ao.
