3158 4864
1274 197 1350 274 ,125

240 363 303 426 isto
326 361 478 441 Libarna,
499 383 536 428 ac
565 364 681 448 Regias
708 363 861 428 civitates
893 381 968 426 uass
993 381 1062 426 oasa
1083 361 1133 444 ⁸),
1155 364 1193 426 to
1220 383 1280 444 quo
1303 371 1352 426 cst

240 458 358 526 tamen,
381 468 437 513 cur
453 451 612 534 ambigas,
634 451 818 530 praesertim
838 449 868 512 ri
888 449 1046 532 antiquior
1068 448 1207 512 evocatio
1225 448 1351 513 Civita-

241 535 283 597 tis
302 534 508 598 Posoniensis
535 539 574 598 acl
592 538 693 618 Regni
711 537 846 612 diaetam
865 535 988 598 veritati
1012 535 1168 597 innititur.
1192 534 1227 596 ld
1249 543 1350 596 tamen

240 628 357 682 certum
379 629 443 698 cat,
466 623 504 684 cb
531 631 628 684 aetate
649 621 843 706 Sigiamundi
863 619 1017 684 Civitates
1031 621 1145 701 Regias
1165 621 1198 682 in
1215 621 1350 702 publicis

239 705 523 771 consultationibus
547 728 687 790 semper,
711 717 741 771 et
768 707 935 789 aliquando
960 726 1022 770 non
1051 707 1207 768 minimam
1232 714 1350 786 partem
1394 741 1397 748 ·

164 796 167 804 ⁴
238 792 399 855 babuisse.
1151 809 1153 813 ·

672 953 709 1038 ὃ.
741 954 824 1025 161.

229 1099 396 1184 Quorum
424 1103 589 1171 omnium
614 1120 700 1184 nno,
732 1095 936 1191 eodemque
963 1115 1047 1172 mot
1070 1098 1271 1172 Nobilitas.

251 1244 328 1318 Etsi
363 1267 451 1318 vero
491 1255 561 1317 tum
597 1243 951 1334 Ecclesiastioorum,
998 1270 1100 1340 quam
1138 1245 1347 1320 secularium

149 1349 339 1420 Procerum
351 1345 472 1421 Ordini
490 1355 762 1440 quantum-ut
772 1345 1051 1420 oumVerhbonio
1063 1349 1189 1442 loquar
1203 1345 1350 1437 ¹')·--ad

150 1449 328 1542 dignitatis
356 1450 612 1543 praelationem
640 1447 806 1543 proedriu
834 1446 1004 1542 quaedam
1028 1472 1075 1521 ex
1096 1451 1175 1543 ipso
1197 1447 1345 1519 Consti-

150 1554 294 1624 tutionis
313 1552 438 1644 spiritu
458 1547 674 1644 profluxisse
692 1553 818 1641 negari
833 1570 907 1620 uon
925 1552 1052 1642 possit,
1073 1551 1167 1622 omni
1183 1547 1346 1643 profecto

152 1661 267 1726 aetate
288 1654 460 1745 religiose
478 1649 682 1740 observata,
710 1649 795 1721 nihil
813 1659 930 1721 tamen
945 1651 1036 1739 juris
1054 1659 1246 1746 propterea
1266 1647 1347 1721 No·

150 1753 269 1826 bilium
288 1753 382 1826 Ordo
402 1753 492 1823 alter
510 1774 596 1847 prae
616 1753 729 1824 altero
747 1750 910 1839 habebat,
937 1749 1071 1846 fuitque
1091 1749 1131 1842 *J
1153 1754 1345 1823 communis

152 1859 315 1944 omnium,
336 1864 440 1946 utque
467 1874 550 1925 une
569 1851 814 1947 eademque
832 1850 1087 1941 Nobilitas,
1114 1875 1183 1947 quo
1205 1856 1346 1924 nomine
1375 1903 1377 1908 ,

151 1954 546 2040 universosPraelatos,
556 1953 727 2043 Berones,
739 1953 924 2047 Magnetes
935 1961 971 2022 et
981 1952 1128 2026 Nobiles
1149 1955 1344 2043 cujuscun-

151 2079 220 2152 que
239 2056 309 2128 sint
333 2054 491 2142 honoris,
512 2053 703 2146 dignitatis,
723 2066 759 2127 et
779 2065 891 2129 status
916 2057 953 2123 in
969 2054 1147 2148 Hungaria
1165 2055 1226 2128 lex
1242 2076 1346 2126 oom-

149 2159 316 2254 plectitur
346 2155 390 2246 ⁰).

191 2303 229 2387 l)
253 2301 304 2364 Sic
327 2319 390 2363 rem
414 2299 518 2362 fusius
542 2299 673 2380 explieat
690 2299 863 2365 Verbbozi:
886 2300 1059 2379 „Quamvis
1075 2319 1227 2382 personas
1241 2301 1343 2381 spiri-

235 2383 358 2465 „tuales
383 2385 531 2466 (quarum
554 2387 655 2449 melio
678 2387 809 2450 salutem
833 2389 997 2450 humanam
1019 2387 1191 2463 Dominus,
1215 2397 1244 2450 et
1267 2388 1342 2450 Sal-

233 2480 347 2552 „vator
361 2480 469 2534 noster
484 2473 699 2536 administrari
712 2473 828 2556 voluit)
841 2473 990 2537 Personia
1005 2472 1198 2536 secularibus
1213 2475 1343 2554 dignio-

233 2577 308 2638 „res
324 2558 506 2634 habeantur,
528 2567 629 2620 temen
653 2578 760 2622 omnes
776 2559 904 2622 Domini
920 2557 1066 2637 Praelati,
1089 2570 1119 2622 et
1132 2557 1343 2622 Ecclesiarum

235 2645 423 2722 ‚‚Rectorcs,
446 2663 481 2705 ac
503 2643 658 2719 barones,
689 2653 719 2707 et
740 2645 854 2707 caeteri
875 2645 1057 2726 Magnetes,
1088 2653 1179 2724 atque
1200 2643 1342 2720 Nobiles,

234 2736 286 2807 „et
306 2729 457 2792 Procerus
478 2728 578 2810 Regni
605 2727 702 2813 bujus
731 2730 912 2809 Hungeriae
941 2733 1061 2793 ratione
1089 2731 1289 2809 Nobilitatia,
1312 2739 1342 2793 et

235 2816 409 2893 „bonorum
432 2815 650 2894 temporalium
674 2835 744 2892 una,
767 2817 933 2895 eademque
954 2815 1125 2894 libertatis,
1147 2817 1341 2894 crientionis,

235 2911 286 2979 „ct
308 2901 513 2964 immunitatis
536 2903 752 2982 praerogativa
769 2904 918 2982 gaudent,
941 2921 997 2964 nac
1018 2902 1132 2964 babent
1152 2902 1340 2965 Domino-

214 2982 347 3066 ',‚rum
361 2986 475 3066 aliquis
497 2986 587 3065 plus,
610 3007 665 3049 neo
687 2987 717 3050 N
725 2988 854 3052 ubilis
877 2989 1031 3069 quispiam
1054 2988 1157 3050 miurus
1179 2991 1216 3049 de
1237 2989 1339 3052 liber-

234 3079 335 3150 „tatec
366 3071 437 3134 lnino
459 3073 550 3134 etiam
580 3094 642 3136 una
671 3075 836 3155 eademque
868 3074 951 3156 lege,
982 3085 1012 3136 et
1040 3074 1281 3150 consuetudine,
1302 3094 1338 3136 ao

233 3176 329 3233 ‚,uno‚
351 3163 381 3217 et
402 3159 508 3218 eodem
527 3156 667 3240 juridico
690 3178 840 3240 processu
862 3160 893 3221 in
913 3159 1048 3223 iudiciis
1066 3167 1196 3221 utuntur
1212 3163 1290 3224 ctc.“
1305 3157 1339 3241 d)

232 3241 302 3303 Hoc
322 3240 419 3322 igitur
441 3262 508 3303 cum
532 3254 784 3323 temperamento,
807 3254 897 3326 atque
918 3245 1076 3309 intellectu
1099 3244 1242 3306 sumendi
1267 3253 1341 3308 aunt

233 3326 299 3402 illi,
333 3323 385 3404 qui
417 3324 516 3406 legum
546 3348 782 3392 numerosarum
800 3332 852 3413 ⁶),
883 3331 1110 3393 distinctionem
1134 3328 1213 3393 banc
1235 3341 1341 3411 aperte

233 3409 482 3487 enuncirutium,
516 3413 658 3493 vestigiis
688 3416 805 3490 inuisi,
837 3415 1036 3478 Nobilitatem
1069 3417 1269 3498 hungaricam
1298 3419 1337 3479 in

235 3495 507 3578 superiorem,
529 3515 678 3575 quorsum
700 3517 809 3576 nempe
831 3498 1004 3573 Praelatos,
1025 3503 1124 3580 Regni
1146 3503 1220 3562 item
1235 3503 1337 3564 liero-

233 3602 306 3660 nes,
335 3591 424 3662 atque
444 3582 609 3665 Magnetes
639 3591 819 3659 accensent,
850 3590 879 3644 ct
902 3583 1147 3646 inferiorem
1171 3585 1337 3664 aliquando

234 3669 327 3731 etiam
347 3667 586 3748 Equestrem
609 3667 801 3730 Ordinem
824 3667 1048 3748 compellatum,
1071 3667 1260 3750 partiuntur.

142 3857 355 3881 ...ιιι-ιι*

177 3931 204 3994 ⁸)
221 3933 252 3984 lu
264 3930 383 3984 Dlrrart
401 3932 434 3986 tle
447 3934 545 3990 Oomlt.
562 3936 593 3990 0.
608 3937 629 3990 1.
642 3931 667 4000 b.
681 3934 723 3988 12.
738 3932 766 3986 ln
781 3933 843 3988 llot.

176 4001 206 4064 1’)
223 4004 252 4055 Ρ.
270 4005 313 4053 1⁸·
331 4007 363 4054 ll.
377 4003 402 4056 Β.

178 4071 203 4127 ‘l
221 4073 251 4126 P.
267 4075 313 4124 1η
332 4077 364 4126 tt.
377 4073 403 4126 9.
422 4102 455 4114 -
475 4073 558 4136 1715„
570 4074 594 4126 8.

181 4141 208 4203 (l)
226 4145 256 4196 Ρ.
270 4145 313 4194 1¹⁰
333 4149 364 4194 u.
379 4143 406 4194 2.

177 4211 206 4276 ο)
224 4214 253 4264 8.
272 4213 365 4279 Stepb.
387 4213 453 4266 Dae.
471 4211 541 4264 lalbr.
562 4215 582 4266 l.
599 4212 628 4265 C.
645 4215 678 4266 3.
697 4217 725 4264 et
749 4209 778 4264 4.
794 4231 828 4240 -
847 4209 876 4260 ln.
890 4207 916 4261 Β.
930 4205 959 4257 G.
975 4213 1019 4266 21.
1039 4239 1073 4250 -
1090 4209 1125 4262 de
1144 4209 1185 4262 Αο
1201 4208 1276 4265 libb.
1294 4209 1337 4265 10.
1356 4267 1359 4274 ⁴

224 4311 260 4324 -
278 4281 355 4336 1112.
375 4280 419 4336 16.
437 4309 473 4321 -
491 4283 521 4333 lc
533 4282 561 4334 iu
574 4283 732 4336 Kovacblcb
750 4278 913 4333 Verbcom.
932 4277 965 4334 Τ.
979 4277 1003 4333 1.
1026 4301 1056 4314 -
1073 4282 1140 4332 Dec.
1154 4281 1192 4336 ale
1207 4280 1246 4333 A⁰
1263 4281 1338 4335 1159.

225 4350 251 4409 4.
269 4351 312 4406 82.
330 4358 360 4407 at
376 4350 420 4409 13.
439 4372 473 4387 -
491 4351 553 4406 vta.
571 4359 600 4407 at
616 4351 712 4410 Kolttr
728 4351 758 4405 ln
774 4351 889 4404 Amoen.
908 4343 972 4406 Vol.
991 4353 1019 4408 8.
1036 4355 1067 4404 at
1083 4349 1153 4406 alibi.
