3138 4858
1306 215 1344 292 ,9

151 363 237 436 dore
249 414 260 454 ,
274 433 276 438 ,
288 365 388 456 cuius
407 369 596 463 praecipua
616 367 778 445 attributa
797 383 1013 464 censentur,
1031 383 1175 470 praeter
1194 375 1343 469 Regalis

151 466 388 558 Ornamenta,
416 468 459 539 de
478 469 601 562 quihus
620 468 725 543 Lihro
744 475 786 547 ll.
809 474 893 571 Cap.
912 475 972 548 ΙΙΙ.
1002 485 1116 548 actum
1144 487 1211 565 est,
1230 477 1256 548 l.
1277 480 1342 550 Ti-

148 567 253 638 tulus.
273 567 316 640 11.
335 569 665 662 RegnorumScuta.
689 567 749 645 Ill.
769 577 892 671 Sigilla
910 578 1033 670 Regia.
1053 576 1113 650 lv.
1138 579 1343 652 Residentia

149 668 271 761 Regis.
291 669 335 740 V.
354 671 457 742 Aula.
478 672 538 744 VI.
553 673 693 747 Ordinis
712 677 804 752 inter
823 689 986 753 caeteros
1004 679 1211 772 Regnantes
1230 681 1344 753 Prae-

20 841 24 846 .
148 775 323 866 rogativa.
343 772 421 844 Vll.
440 774 523 847 Aha
542 774 693 869 denique
711 781 872 875 publicae
882 781 1136 856 venerationis
1155 780 1343 878 Symbola3
1440 837 1444 846 .

150 898 240 968 quae
259 885 384 956 cuncta
413 877 558 951 totidem
575 879 660 953 Jura
680 893 761 954 sunt
777 885 889 980 Regis
918 884 1144 982 personalia,
1171 908 1191 957 a
1212 904 1344 958 summa

150 977 319 1074 Ejusdem
338 981 506 1076 dignitate
526 981 729 1056 derivanda.

666 1215 703 1302 §·
733 1216 817 1290 328.

448 1390 476 1464 J.
510 1385 651 1460 Ta‘tulua
680 1391 796 1480 Rapis
813 1393 1044 1482 Hocpcrs'ce.
1095 1375 1097 1382 ¹

251 1559 386 1632 Titulus
408 1559 545 1652 Regum
562 1558 763 1654 Hungariae
781 1563 881 1634 initio
909 1560 1059 1656 simplex
1076 1561 1160 1651 fuit,
1188 1582 1269 1631 nam
1287 1561 1345 1632 di-

148 1682 215 1733 vus
235 1657 433 1755 Stephanus
454 1683 493 1734 se
514 1663 682 1734 duntaxat
699 1662 836 1756 Regem
855 1663 1017 1756 Ungar
1032 1684 1178 1752 orum,
1205 1664 1266 1736 vel
1284 1672 1345 1734 to-

149 1767 217 1835 tius
244 1761 535 1854 Hungariae‚
572 1765 780 1859 quandoque
818 1766 1098 1838 Pannoniae
1130 1764 1268 1837 dicebat
1298 1764 1342 1854 ⁰).

18 1943 20 1958 Ι
148 1866 297 1936 Auctior
317 1869 448 1935 sensim
466 1863 580 1936 factus
598 1886 663 1959 pro
685 1870 822 1937 ratione
854 1867 1143 1954 Provinciarum,
1171 1888 1260 1960 quae
1287 1864 1344 1954 ‹nss

148 1987 258 2040 verso
287 1963 371 2032 licet
398 1964 504 2051 Jure,
533 1965 686 2052 etalio,
715 1975 819 2058 atque
847 1966 916 2036 alio
946 1976 1105 2060 tempore
1135 1971 1187 2037 sic
1215 1989 1345 2037 acere-

148 2069 248 2138 visse
267 2061 439 2152 vidimus,
467 2072 505 2134 ut
526 2065 600 2152 jam
627 2087 704 2134 cum
733 2067 830 2137 exitu
857 2061 1004 2161 primae
1021 2064 1185 2153 Pericli,
1208 2067 1344 2160 Reges

149 2167 351 2258 Hungariae
369 2166 450 2238 illos
469 2168 614 2260 passim,
636 2166 759 2261 quihus
780 2188 847 2262 qua
865 2167 955 2238 tales
974 2171 1011 2239 in
1029 2166 1235 2239 hodiernum
1254 2167 1345 2238 diem

149 2277 311 2356 utuntur,
339 2268 543 2360 Regnorum
560 2269 681 2340 titulos
700 2268 966 2363 praeseferrent
996 2269 1043 2360 l³).
1071 2269 1196 2340 Demta
1228 2279 1345 2340 tamen

151 2370 340 2444 sclavonia
361 2371 448 2460 (8),
477 2380 513 2439 et
531 2370 800 2458 Transilvania,
828 2393 974 2466 quarum
990 2375 1133 2444 nomina
1150 2373 1345 2443 verosimi-

150 2473 230 2543 liter
249 2471 350 2559 ideo,
380 2470 473 2564 quod
500 2471 708 2566 aStephani
727 2471 753 2542 l.
775 2483 913 2562 aetate,
941 2474 1040 2545 velut
1064 2481 1186 2568 partes
1215 2474 1344 2544 Terri-
1462 2547 1473 2560 g

151 2575 232 2645 torii
244 2571 528 2667 Metropolitani,
549 2572 611 2643 suh
629 2594 698 2643 una
717 2572 833 2666 Regni
850 2572 1051 2667 Hungariae
1072 2575 1343 2669 compellatione

151 2677 342 2764 venirent,
369 2674 477 2746 multo
498 2673 552 2747 his
572 2675 687 2747 serius
707 2686 948 2783 accesserunt.

646 2903 707 2989 s.
737 2855 822 2978 aaa.

468 3075 558 3147 Cum
575 3077 786 3166 Apaomr'cc
802 3077 1026 3170 Apostola'ce‘.

250 3246 307 3318 Ad
323 3245 413 3317 haec
429 3253 467 3316 ut
486 3243 620 3320 Galliae
638 3247 758 3342 Reges
778 3247 1052 3321 christianis
1066 3249 1178 3337 simi,
1205 3245 1338 3342 Hispa-

148 3349 229 3421 niae
249 3343 512 3443 Catholici,
541 3347 741 3421 Lusitaniae
761 3350 1050 3423 fidelissimi
1081 3360 1250 3421 ornantur
1269 3372 1338 3420 en-

149 3453 291 3539 comiis,
328 3451 377 3521 ita
405 3450 559 3538 nostris,
585 3461 731 3543 propter
758 3449 971 3543 insignies.
1003 3451 1172 3544 Stephani
1199 3455 1236 3523 in
1263 3473 1340 3522 rem

149 3551 379 3625 Christianam
397 3553 544 3640 merito,
573 3553 751 3646 proprium
768 3551 854 3622 illud
880 3550 1028 3643 Regis
1061 3551 1126 3646 Ap
1140 3549 1340 3637 ostolici

149 3660 322 3742 accessit,
349 3656 433 3724 licet
461 3656 496 3722 in
524 3657 675 3724 vetustis
705 3654 923 3725 diversarum
951 3652 1164 3747 epocharum
1201 3646 1339 3746 paginis

148 3759 308 3850 nuspiam
327 3759 551 3849 exprimatur.
580 3755 612 3827 N
616 3777 635 3825 e
653 3755 801 3851 proinde
821 3755 902 3849 quid
922 3755 1053 3826 officiat
1070 3756 1205 3825 incerta
1225 3758 1340 3846 origo,

148 3881 278 3931 nornen
296 3857 388 3929 istud
407 3853 570 3930 Clemens
588 3855 682 3928 Xlll.
702 3857 868 3930 Pontifex
886 3857 1059 3928 Maximus
1078 3855 1212 3927 Mariae
1241 3853 1340 3926 The-

147 3963 289 4048 resiae,
310 3959 546 4053 legitimisque
564 3962 601 4030 in
620 3959 710 4033 solio
730 3960 923 4054 hungarico
944 3958 1220 4032 successorihus
1241 3977 1340 4030 sem-

138 4131 356 4149 -,--=-

176 4195 299 4260 ·)-Conf.
316 4198 386 4260 Pray
399 4197 545 4264 syntagma
561 4200 594 4250 de
611 4199 697 4264 Sigill.
713 4202 782 4268 Reg.
798 4205 826 4250 et
840 4199 936 4264 Regin.
953 4200 1042 4264 flung.
1058 4214 1082 4264 p.
1103 4161 1143 4250 52.
1157 4203 1253 4262 etseq.
1288 4231 1290 4236 -

175 4283 202 4349 1>)
221 4284 449 4418 gaqqunispert.
466 4285 499 4336 de
518 4285 672 4350 peculiarii.
686 4286 768 4341 Titul.
785 4291 813 4339 et
829 4285 909 4352 lusig.
930 4286 1047 4352 Magnae
1068 4285 1173 4338 Mariae
1190 4284 1338 4338 Therasiae
