3138 4858
195 277 244 352 52

194 456 265 538 tur,
292 445 329 519 in
346 444 454 518 mixta
483 439 647 516 sessione
673 433 823 512 obtineri
851 437 1023 516 hactenus
1051 439 1309 535 intendebatur,
1337 452 1394 517 ast

194 570 311 644 neque
330 558 414 620 tunc
431 554 517 619 vota
535 543 667 614 curiata
685 543 801 614 locum
812 542 1005 637 babent*),
1026 544 1314 641 quemadmodum
1325 566 1394 618 nec

194 651 370 724 unanimis
399 666 551 742 uuquam
577 645 825 740 requiruntur,
861 655 980 718 mutua
1006 644 1200 722 Comitialis
1229 648 1393 743 corporis

197 753 402 838 consensio,
430 771 473 820 ac
490 767 697 843 quacunque
717 744 857 820 tandem
869 749 1007 820 ratione
1025 749 1229 845 praehabita
1241 752 1394 824 omnium

201 855 343 926 nomine
361 849 657 947 Repraesentatio
668 887 721 901 -
741 850 792 922 uti
810 851 923 922 nostri
942 871 1019 921 eam
1038 849 1183 925 litterati
1198 865 1331 926 vocant
1342 889 1395 906 -

199 954 353 1050 desuper
373 951 542 1024 adornata
560 971 626 1046 per
650 950 866 1041 Praesidcm,
893 962 929 1026 et
947 950 1063 1045 Regni
1089 954 1297 1044 Primatem,
1325 977 1393 1050 qua

195 1077 376 1144 summum,
405 1063 442 1126 et
468 1052 705 1127 secretarium
730 1051 846 1146 Regni
864 1049 1122 1128 cancellarium
1148 1054 1393 1148 subscribitur,

196 1167 233 1229 ct
250 1156 387 1250 Regiae
407 1154 587 1246 ldaJestati
605 1152 828 1228 submittitur.
1310 1153 1322 1162 ”

233 1302 273 1388 *)
295 1301 423 1366 Erravit
444 1299 560 1382 oppido
583 1299 781 1364 vehementer
803 1302 945 1386 Szdszlry
959 1303 1008 1389 ⁸),
1030 1303 1083 1386 qui
1105 1303 1137 1368 in
1160 1303 1213 1383 iis,
1236 1304 1395 1388 quaesiu-

276 1389 370 1472 gulos
393 1385 903 1539 tangumlarffl,ffigluff?⁹
930 1389 1148 1539 octw'l'pp'buta,
1171 1391 1393 1541 tpilsurppliltatpm
1464 1485 1467 1490 Δ

276 1483 649 1639 ppetoppirpmn'onaffisque'
681 1560 714 1623 in
738 1495 851 1640 qulblrs
864 1497 988 1624 ”ollula
1021 1497 1395 1642 nonnlgrlulucmetlrgrlronl

276 1665 404 1728 corpus,
427 1646 483 1709 sed
505 1652 664 1727 tamquam
686 1655 793 1724 partes
816 1647 950 1709 invicem
972 1645 1164 1708 dissidentes
1187 1648 1396 1711 consideran·

277 1743 340 1810 tur,
363 1731 463 1795 solam
486 1731 616 1792 amicam
638 1731 892 1807 transactionem,
915 1731 997 1795 band
1021 1740 1146 1794 servato
1168 1733 1395 1812 suffragiorum

277 1837 425 1894 numero,
458 1816 545 1879 litem
574 1814 721 1877 dirimere
752 1816 905 1892 somniat,
941 1835 1002 1897 quo
1033 1815 1111 1880 nibil
1144 1817 1244 1900 magis
1271 1817 1397 1880 loreta

279 1911 381 1968 rectae
403 1899 612 1988 legislationis
635 1899 802 1984 principiis
825 1900 972 1968 alienum.

713 2116 751 2204 §.
780 2116 866 2190 405.

202 2264 332 2338 Utrum
358 2269 470 2338 antae
496 2267 628 2337 Statue
658 2263 922 2338 contradictio
947 2262 1136 2338 coactura
1162 2263 1396 2358 reliquorum

582 2394 750 2483 offecerit
781 2386 1021 2482 aliquando?

301 2559 612 2636 Consentientibus
630 2558 776 2654 reliquis
803 2559 915 2631 tribus
934 2558 1110 2651 Statibus,
1139 2561 1396 2635 contradictio-

54 2701 60 2714 ·
195 2683 277 2737 nem
295 2661 403 2750 Glari,
424 2663 485 2735 vel
504 2661 705 2751 liberarum,
725 2664 973 2756 regiarumque
993 2659 1183 2736 civitatum
1204 2675 1288 2760 post
1307 2661 1396 2738 sub-

200 2774 358 2839 secutum
385 2783 569 2837 assensum
595 2766 744 2857 regium,
770 2766 891 2857 vigori
919 2762 1026 2855 Legis
1045 2765 1093 2836 nil
1119 2766 1295 2856 offecisse,
1327 2764 1397 2835 do-

200 2875 282 2938 cent
306 2867 535 2960 repetitarum
555 2862 843 2955 conclusionum,
874 2887 965 2961 quae
984 2887 1057 2936 non
1079 2865 1218 2958 desunt,
1238 2877 1394 2940 tenores.

197 2963 458 3040 intercesserat
488 2970 676 3039 universus
707 2963 834 3040 clerus
874 2965 967 3039 haud
1002 2967 1113 3040 semel
1149 2969 1323 3058 articulis,
1361 2971 1398 3038 in

197 3069 473 3142 Protestantium
493 3066 653 3141 favorem
672 3067 836 3154 conditis,
857 3068 921 3141 sed
939 3071 1046 3142 toties
1068 3071 1183 3166 palam
1202 3070 1398 3143 subnexum

199 3174 355 3261 exstitit,
383 3169 474 3242 hanc
499 3167 777 3261 refragationem
811 3170 940 3243 nullius
979 3193 1131 3266 unquam
1168 3172 1247 3244 lore
1284 3172 1397 3244 firmi-

197 3276 280 3344 tatis
309 3271 357 3366 ¹').
403 3271 499 3344 ldem
527 3270 669 3359 liberis,
708 3273 890 3365 regiisque
920 3269 1128 3346 civitatibus
1158 3277 1290 3362 evenit,
1319 3273 1398 3342 dum

199 3373 387 3469 aliquando
417 3384 541 3445 contra
569 3372 732 3468 proxima
760 3381 865 3444 antea
893 3376 1109 3468 praeteritae
1131 3375 1279 3448 Diaetae
1305 3373 1396 3442 arti-

199 3475 300 3548 culos
321 3497 419 3550 suam
441 3475 743 3570 interposuissent
762 3475 1078 3550 contradictionem
1108 3477 1153 3568 ο).

729 3700 766 3788 §.
795 3703 881 3775 406.

521 3850 724 3920 Decretum
753 3847 953 3925 Gomztctrle
978 3847 1096 3942 quid?

300 3994 491 4093 Responsa
512 3990 640 4090 Regia,
666 4005 708 4070 ut
732 3992 776 4067 dc
795 3957 1034 4071 antecedanea
1056 3993 1289 4067 Decretornm
1316 3993 1398 4066 for-

189 4165 406 4182 ,ιιι-

232 4231 259 4300 ·)
278 4236 328 4302 Op.
347 4235 393 4288 cit.
412 4237 442 4292 0.
462 4239 486 4294 s.
504 4236 529 4304 ὅ.
550 4237 592 4292 10.
611 4241 667 4291 not.
685 4236 710 4289 6.

229 4319 258 4386 l)
278 4322 355 4376 tots.
374 4326 399 4376 ll.
418 4325 495 4380 1681.
514 4325 558 4378 26.
574 4350 609 4362 -
627 4323 705 4378 1687.
722 4323 766 4376 st.
785 4327 814 4374 st
832 4317 913 4376 1791:
926 4321 971 4376 86.

230 4405 257 4473 ο)
276 4407 354 4466 aste.
373 4407 415 4464 rt.
433 4410 498 4465 ttenr
517 4411 597 4476 tulna
615 4411 650 4468 Δ.
669 4411 731 4463 acta
750 4405 848 4460 comit.
869 4481 872 4486 Ι
