3094 4868
179 187 184 192 '
251 209 327 286 aee

254 380 344 454 lines
372 379 507 476 proprii
535 377 706 452 territorii
732 377 791 450 via
821 377 988 454 duntaxat
1011 375 1133 448 harum
1159 372 1468 452 Jurisdictionum

254 479 415 556 mandata
434 483 547 574 regia,
560 481 746 575 Regnique
758 477 1026 556 dieasteriorum
1045 477 1289 554 ordinationes
1308 481 1466 554 effectui

254 581 447 656 tradendae
467 587 557 671 sint;
585 605 700 678 neque
720 582 822 654 alteri
842 584 1045 677 exequenti,
1065 581 1134 653 nisi
1152 601 1302 674 prorsus
1322 594 1464 656 extra-

253 685 421 759 ordinarii
448 695 597 758 eventus
625 685 695 757 hoe
713 686 963 759 inevitabiliter
991 683 1210 780 deposcant,
1238 687 1329 756 citra
1347 682 1463 758 (lon-

170 809 174 816 ·
254 788 444 861 stitutionis
470 784 701 861 violationem
740 786 837 858 credi
865 787 1068 872 valuerint3
1104 782 1187 853 illae
1214 785 1374 858 vicissim
1406 789 1459 859 ad

252 889 394 980 legum,
429 897 465 958 et
493 887 655 961 altiorum
683 888 947 961 Ordinationum
977 885 1266 976 observantiam,
1301 910 1462 962 eorum-

255 990 403 1085 demque
423 989 706 1083 implementum,
733 1012 836 1083 quam
856 990 1123 1086 diligentissime
1142 992 1458 1082 manutenendum,

255 1113 297 1163 ac
321 1092 605 1188 procurandum,
634 1104 780 1164 eatenus
808 1093 1034 1188 responsioni
1064 1086 1261 1177 obnoxiae,
1289 1093 1458 1166 obstrin-

255 1203 391 1287 guntur.
411 1191 513 1263 Unde
534 1193 577 1264 ad
594 1205 713 1290 partes
731 1194 866 1266 illarum
884 1190 1094 1290 pertinebat,
1114 1210 1187 1260 non
1203 1197 1337 1267 tantum
1356 1217 1457 1268 con-

210 1353 212 1358 .
254 1299 385 1366 tinuum
415 1292 625 1368 Litterarum
665 1299 911 1368 commercium
951 1318 1026 1369 cum
1055 1291 1298 1385 superioribus
1331 1297 1456 1389 Regni

253 1395 461 1470 Dicasteriis
481 1396 608 1469 fovere
639 1395 693 1493 ⁸),
720 1419 843 1470 verum
862 1399 1070 1494 quandoque
1089 1392 1226 1463 directe
1247 1418 1266 1465 a
1284 1399 1455 1494 Principe

254 1497 414 1570 mandata
441 1502 627 1594 recipere,
656 1509 691 1571 et
721 1521 802 1572 suas
828 1501 900 1590 Jam
917 1499 1038 1572 Eidem
1065 1493 1289 1594 immediate,
1313 1504 1386 1594 jam
1407 1500 1455 1570 ad

254 1601 404 1694 Regium
422 1597 615 1674 Consilium
632 1601 826 1674 relationes
844 1613 1038 1698 praestare.

778 1804 815 1892 §.
844 1807 927 1881 680.

637 1979 682 2050 In
707 1979 906 2070 cz'pe'lontc'a
931 1979 1062 2070 tapam.

356 2147 515 2222 Alterius
543 2149 621 2239 vis,
649 2160 686 2222 et
713 2149 923 2223 efficaciam
950 2147 1035 2222 Jure
1060 2147 1323 2224 remonstraudi
1350 2172 1448 2224 con-

255 2254 368 2342 sistit,
404 2257 509 2345 inque
538 2249 704 2326 facultate
729 2255 933 2344 gravamina
958 2251 1002 2322 ad
1020 2253 1136 2345 Regni
1156 2249 1360 2326 Conventus
1379 2254 1450 2325 de-

256 2352 416 2444 ferendi,
444 2354 475 2426 si
504 2353 587 2444 quid
612 2358 649 2426 in
675 2353 856 2428 altioribus
885 2352 1172 2427 Ordinationibus
1191 2358 1448 2444 contineretur,

255 2455 395 2550 legibus
413 2460 472 2526 aut
489 2452 605 2549 Regni
624 2459 754 2545 totius,
782 2456 842 2529 vel
859 2455 1008 2551 privatis
1027 2459 1123 2547 suis,
1154 2477 1365 2552 suorumque
1383 2481 1450 2529 ra-

257 2557 412 2631 tionibus
429 2558 532 2647 juxta
557 2557 746 2630 earundem
766 2561 967 2654 opinionem
991 2558 1203 2647 adversum,
1231 2560 1330 2632 salva
1350 2581 1451 2632 sem-

254 2682 318 2756 per
335 2657 524 2751 homagiali
541 2662 797 2749 veneratione,
824 2661 996 2754 mandatis
1022 2660 1171 2754 legitimi
1189 2659 1300 2753 Regis
1320 2659 1447 2734 debita.

255 2760 359 2834 Nulla
377 2762 483 2853 igitur
500 2765 661 2849 ratione,
691 2763 721 2834 si
739 2762 908 2858 Princeps
928 2761 970 2834 ab
990 2765 1033 2834 iis
1052 2784 1124 2835 non
1141 2761 1306 2850 recedat,
1335 2763 1447 2834 obse-

255 2863 371 2955 quium
400 2860 515 2952 Regni
541 2861 810 2937 Jurisdictiones
839 2865 1017 2958 denegare
1049 2862 1201 2954 audent,
1235 2886 1306 2937 non
1332 2865 1451 2934 solum

254 2957 358 3050 ideo,
387 2963 552 3055 queniam
579 2963 714 3057 Regiae
733 2963 912 3058 Majestati
939 2964 1084 3038 obedire
1111 2965 1340 3058 caeteroquin
1359 2961 1450 3037 sub-

255 3064 346 3137 ditus
366 3065 479 3136 omnis
499 3072 638 3139 tenetur
668 3069 807 3158 (426),
834 3071 1103 3156 verumetiam,
1132 3069 1212 3161 quia
1234 3067 1307 3157 jam
1324 3089 1389 3162 per
1406 3087 1450 3140 se

254 3170 340 3242 satis
359 3166 539 3240 conciliari
558 3188 630 3240 non
647 3178 789 3263 potest,
819 3181 922 3264 atque
950 3168 1259 3242 contradictorium
1285 3177 1447 3264 apparet,

254 3280 291 3340 ut
308 3289 372 3364 per
391 3289 480 3361 quos
501 3291 686 3365 supremae
715 3276 891 3342 rectoriae
910 3273 1096 3366 potestatis
1126 3268 1381 3364 dispositiones
1400 3291 1451 3340 ex

252 3369 368 3464 Regni
387 3375 638 3443 constitutione
655 3374 798 3466 proprie
818 3382 949 3447 tantum
968 3371 1107 3444 effectui
1127 3371 1261 3442 dandae
1280 3380 1374 3460 sunt,
1405 3372 1451 3442 iis

253 3471 477 3546 nihilominus
496 3471 551 3545 las
570 3476 638 3564 sit,
667 3474 733 3546 sihi
762 3476 949 3550 commissa
968 3494 1032 3546 suo
1051 3494 1117 3568 pro
1142 3471 1302 3566 judicio,
1331 3483 1367 3546 et
1386 3493 1451 3544 ar-

252 3573 382 3649 bitratu
401 3572 571 3669 explere,
597 3573 659 3652 vel
676 3595 839 3650 renuere.

775 3803 812 3892 ὃ.
841 3807 925 3880 681.

253 3981 303 4056 Et
328 3979 568 4069 acuendorum
588 3973 829 4066 publicorum
863 3936 1194 4050 admanestrote'onc
1228 3979 1452 4049 consistunt.

355 4145 597 4242 invigilantia
624 4147 766 4244 itaque,
795 4153 1031 4240 executione,
1059 4155 1095 4218 et
1121 4146 1342 4242 publicorum
1359 4149 1458 4220 varii

283 4356 309 4422 ⁸)
328 4356 407 4408 conl.
425 4356 502 4411 172³.
522 4359 582 4412 112.
