3122 4852
241 242 312 314 112

238 409 387 483 ducrum
407 407 571 484 Coronae
592 404 908 500 (lenset-vatorum,
926 399 1149 506 quantumvis
1168 406 1333 481 comitiali
1351 405 1433 480 suf-

140 517 143 524 '
236 510 353 608 fregio
381 516 426 587 sit
444 512 603 600 relictus,
631 513 774 584 nonnisi
803 513 847 584 ad
875 511 1056 586 lndividua
1085 512 1225 605 ache
1248 513 1433 609 proposita

234 617 470 708 restringitur.
499 611 596 686 Pena
612 613 735 687 similis
753 615 933 687 restrictio
953 617 1057 687 etiam
1075 615 1179 686 latius
1192 612 1338 703 obtinet,
1351 611 1432 684 dum

236 717 398 810 equidem
418 715 647 808 Magistratus
680 714 934 811 propemodum
961 719 1120 789 universi
1156 718 1332 788 electione
1360 717 1432 784 im-

235 818 385 912 plentur.
413 817 453 889 ln
473 816 702 890 Comitatibus
722 820 863 913 quippe,
890 817 1072 891 veteribus
1096 819 1263 890 institutis
1292 819 1432 909 integre

233 920 519 1013 persistentibus,
547 915 745 990 candidatio
763 941 828 1014 per
847 918 1055 1015 Supremam
1075 916 1259 1008 Comitem,
1286 941 1306 989 a
1323 917 1432 989 Prin-

233 1021 313 1115 cipe
333 1027 585 1110 constitutum3
621 1024 657 1092 in
682 1018 807 1112 Regiis
837 1019 1058 1111 Civitatibus,
1097 1024 1322 1116 caeterisque
1348 1018 1434 1091 blu-

232 1123 393 1218 nicipiis,
421 1129 561 1218 quoties
579 1123 671 1214 Regi
694 1124 812 1196 visum
829 1122 958 1215 fuerat,
986 1146 1051 1220 per
1069 1123 1279 1218 Delegatum
1296 1124 1434 1216 regium
1548 1159 1549 1162 π

234 1226 323 1298 citra
360 1229 642 1300 controversiam
674 1223 798 1314 ilebat,
825 1249 894 1299 nec
910 1238 1113 1322 postremae
1141 1229 1179 1298 in
1213 1247 1288 1296 rem
1316 1223 1434 1296 editae

235 1323 532 1400 Ooordinationes
567 1327 631 1399 Jus
661 1326 754 1399 istud
779 1331 817 1400 in
850 1340 1031 1425 posterum
1056 1330 1161 1424 plene
1189 1349 1255 1423 pro
1292 1325 1432 1399 sublato

234 1427 425 1502 declarant.
455 1429 538 1503 Non
556 1450 661 1502 secus
682 1431 818 1502 vicaria
846 1430 1085 1504 tantummodo
1114 1438 1293 1527 potestate
1320 1427 1434 1500 Dica-

234 1535 356 1618 steria,
403 1543 462 1602 aut
496 1531 641 1603 ludices
677 1530 794 1623 Regni
820 1532 1006 1622 Ordinarii,
1050 1531 1245 1623 Legionum
1281 1529 1434 1623 denique

232 1629 433 1724 Praepositi
452 1636 625 1702 stationes
645 1630 832 1702 nonnullos
852 1633 1019 1704 conferre
1043 1631 1233 1719 valebant,
1262 1630 1435 1724 quaedum

231 1751 278 1800 ex
312 1729 367 1800 bis
397 1733 500 1800 ctiam
533 1733 668 1823 regiam
709 1732 854 1824 insuper
897 1733 1200 1805 confirmationem
1233 1736 1434 1825 requirunt.

230 1829 423 1923 Subjacent
441 1842 557 1904 autem
575 1832 805 1904 nominationi
831 1838 954 1926 regiae
980 1856 1052 1907 non
1081 1833 1263 1906 seculares
1284 1842 1434 1921 tautum,

228 1934 647 2008 rerumecolesiosticao
674 1952 815 2027 quoque
839 1935 1041 2028 dignitates,
1068 1944 1104 2007 et
1126 1935 1267 2023 officia,
1307 1936 1434 2004 intuitu

229 2057 377 2130 quorum
402 2058 493 2132 quae
529 2039 712 2129 utriusque
740 2041 885 2128 generis
914 2040 984 2111 siut
1018 2035 1190 2132 Principis
1217 2034 1432 2124 immediato,

231 2139 293 2210 vel
320 2137 362 2210 ab
390 2161 435 2210 eo
458 2138 701 2232 delegatorum
730 2136 873 2210 arbitrio
901 2148 1111 2227 reservata,
1141 2159 1231 2232 quae
1258 2137 1430 2223 uicissim,

235 2240 398 2334 qualique
417 2239 520 2312 modo
543 2241 719 2311 electione
738 2239 913 2333 suppleta,
940 2244 1067 2336 partim
1084 2241 1285 2312 notavimus
1304 2237 1431 2308 bacte-

234 2360 314 2429 nus,
341 2343 468 2434 partim
497 2339 664 2434 deinceps
685 2341 1042 2413 commemorabimus.

756 2542 791 2629 §·
821 2547 906 2620 508.

591 2694 684 2764 Jere
704 2699 873 2786 proprio
901 2695 1058 2788 pm'dem.

334 2837 398 2910 Usi
416 2847 498 2910 sunt
514 2835 584 2909 hoc
600 2837 736 2909 Jurium
761 2864 895 2934 genere
916 2842 1037 2936 Reges
1055 2843 1169 2915 nostri
1189 2844 1315 2938 quovis
1333 2849 1428 2911 tem-

231 2959 342 3036 pore,
379 2950 484 3034 atque
512 2961 554 3010 ea
584 2939 723 3034 quidem
751 2943 981 3037 plenitudine,
1008 2953 1047 3016 ut
1074 2944 1143 3016 boe
1173 2954 1317 3039 praeter
1343 2940 1427 3012 illos

231 3063 350 3132 nemo,
386 3044 455 3114 nisi
492 3043 690 3137 praemisso
720 3065 798 3115 cunr
823 3056 1122 3140 temperamento,
1161 3069 1209 3117 ex
1234 3042 1448 3118 eorundem-

229 3145 414 3219 voluntate
440 3145 504 3216 vel
531 3165 683 3217 assensu
702 3147 864 3238 gaudeat.
893 3147 981 3221 Sunt
999 3150 1139 3219 interim
1159 3157 1196 3219 et
1223 3147 1280 3218 bic
1296 3145 1427 3217 limites

233 3251 336 3335 certi,
372 3249 431 3339 qui
464 3249 590 3340 partim
627 3268 674 3316 ex
701 3249 779 3340 ipsa
805 3252 859 3320 rei
892 3256 1015 3318 natura
1052 3251 1139 3320 sotis
1169 3249 1426 3340 intelliguntur,

232 3345 507 3440 communesque
532 3355 674 3418 manent
691 3341 945 3443 Imperantibus
976 3352 1080 3422 etiam
1100 3348 1259 3422 absoluta
1287 3351 1323 3421 in
1340 3363 1426 3420 suos

229 3457 408 3545 potestate
437 3449 628 3540 utentibus,
657 3447 746 3523 alios
773 3451 875 3545 leges
893 3461 1039 3524 nostrae
1058 3454 1249 3524 continent

754 3655 788 3744 §.
820 3660 904 3731 509.

296 3797 360 3872 Es
387 3797 514 3870 sbdole
540 3815 665 3874 tantan
691 3806 855 3896 Imperat,
883 3805 1079 3898 lepramque
1101 3805 1368 3894 praecerptos

331 3943 462 4028 Quales
479 3951 673 4035 generatim
702 3950 873 4043 deligere,
900 3952 960 4023 vel
986 3971 1068 4022 esse
1089 3948 1214 4019 deceat
1233 3948 1425 4019 universos

227 4047 264 4116 io
290 4054 425 4138 partem
452 4066 613 4119 curarum
647 4050 853 4142 Regiminis¹
869 4053 1043 4139 adscitos,
1101 4049 1232 4120 docere
1267 4069 1340 4119 non
1368 4055 1426 4118 est

227 4143 332 4232 hujus
347 4144 520 4233 Instituti;
548 4149 714 4222 dixerunt
735 4151 871 4224 abunde
889 4163 1034 4227 veteres
1053 4151 1163 4239 multi,
1184 4161 1221 4223 et
1237 4149 1425 4224 recentio-

227 4247 277 4315 ris
299 4244 479 4316 doetrinae
509 4252 623 4322 civilis
644 4251 805 4345 Magistri
828 4253 882 4342 ⁴⁵),
908 4256 1090 4348 speciatim
1115 4273 1204 4326 vero
1230 4251 1321 4320 ultra
1349 4248 1423 4336 illa,

228 4365 318 4440 quae
338 4348 486 4438 sparsim
507 4372 553 4424 ex
578 4353 751 4427 incidenti.
762 4356 982 4457 monuimus,
1025 4353 1292 4452 praecedoneae
1320 4350 1423 4442 leges
