3142 4862
234 409 239 415 .
269 343 449 426 „Ecclesiae
481 343 737 426 compulsorum,
778 351 873 426 prout
891 345 1050 410 conlectae
1080 365 1177 430 super
1205 345 1265 408 boe
1295 345 1385 408 Tuae

271 433 414 512 „litterae
428 432 636 494 continebant.
659 433 705 494 Ac
720 465 759 476 -
775 465 810 476 -·
826 467 867 478 -
886 432 958 494 riva
977 452 1052 496 voca
1067 431 1262 514 promiseris,
1286 432 1386 512 quod

271 519 504 598 „praelatos
527 515 725 579 Valaelros
749 517 1014 598 compelleres
1038 521 1082 580 ad
1108 515 1399 596 recipiendum'

271 605 557 684 „Episcopum
581 622 670 683 quem
689 603 735 665 eis
748 599 889 664 Ecclesia
901 603 971 684 ipsa
983 605 1184 682 concesserit,
1198 608 1233 664 et
1250 603 1333 664 assi
1344 621 1384 682 g-

273 708 416 768 „nasse
439 689 521 750 sibi
544 691 588 750 de
610 689 814 752 reditibus
846 688 960 767 Tuis,
984 709 1077 770 quos
1100 692 1144 753 ab
1167 689 1226 752 eis
1249 687 1386 768 perei-

272 776 375 854 ,‚pis,
398 774 690 838 sullieientes“
711 776 827 838 lterum
846 774 940 854 paulo
966 775 1100 840 inlerius
1121 794 1236 857 ‚,quum
1255 774 1303 836 Te
1322 792 1384 835 non

273 865 401 940 „deceat
423 861 470 924 in·
483 861 614 942 Regno
636 862 720 924 Tuo
744 857 927 944 hujusmodi
945 860 1114 925 schismata
1134 861 1291 926 sustinere
1304 861 1385 922 ete.“

719 998 756 1081 §.
785 998 846 1072 21.

637 1121 785 1198 Eodem
810 1121 899 1196 trial
923 1179 930 1194 .

206 1243 221 1262 ‘
295 1247 397 1336 Quod
413 1269 502 1320 vero
523 1247 587 1321 sub
605 1246 674 1318 hoe
692 1258 851 1341 tempore
873 1259 1017 1342 praeter
1034 1247 1169 1319 titulum
1190 1267 1388 1343 supremam

191 1361 406 1447 potestatem
424 1351 507 1423 illue
526 1349 646 1442 Reges
659 1352 771 1422 nostri
790 1371 855 1444 per
874 1350 1016 1422 saecula
1036 1349 1271 1438 extenderint,
1285 1372 1389 1420 com-

189 1455 290 1549 plura
313 1456 393 1525 aevi
415 1463 639 1525 monumenta
657 1451 856 1545 loquuntur.
879 1452 940 1526 Sic
956 1452 1043 1524 Bela
1060 1452 1120 1523 IV.
1141 1451 1390 1547 Hospitalariis

187 1557 323 1626 reditus
343 1552 532 1626 Cumaniae
557 1553 708 1625 alluvio
729 1553 807 1624 Olta
832 1555 977 1644 (Alata)
1009 1564 1045 1626 et
1063 1553 1200 1648 alpibus
1227 1551 1389 1625 ultrasil-

189 1659 293 1730 vanis
313 1656 357 1726 ad
375 1673 488 1725 annos
509 1657 570 1727 25.
590 1657 697 1725 certis
717 1653 780 1725 sub
801 1654 1058 1727 conditionibus
1089 1653 1245 1727 contulit.
1277 1654 1390 1745 Hujus

191 1758 284 1828 filius
312 1755 512 1850 Stephanus
540 1754 688 1826 eandem
713 1754 813 1828 velut
839 1758 1060 1828 Provinciam
1085 1778 1183 1829 suam
1207 1761 1287 1854 paci
1312 1773 1391 1828 cnm

192 1859 362 1930 Otto'earo
392 1857 508 1928 factae
536 1856 688 1928 inclusit.
710 1859 810 1948 (18).
840 1857 962 1952 Nepos
984 1857 1166 1932 Ladislaus
1190 1861 1299 1931 misso
1322 1857 1390 1929 ad-

191 1981 320 2031 versus
340 1958 478 2054 Lythen
508 1957 686 2030 inlidelem
705 1957 1102 2050 cumanraevajvolam
1120 1963 1292 2049 exercitu,
1321 1961 1391 2031 tri-

190 2061 309 2132 butum
330 2062 396 2136 sibi
417 2061 568 2134 debitum
581 2060 663 2132 inde
682 2059 833 2156 dependi
852 2065 1051 2156 pocuravit,
1079 2072 1117 2135 ut
1139 2064 1217 2158 ipse
1238 2060 1391 2155 quodam

192 2185 269 2250 suo
286 2165 475 2260 diplomate
511 2174 654 2236 enarrat
683 2164 728 2252 ·).
774 2162 929 2246 Ulterius
965 2164 1078 2236 hanes
1117 2164 1390 2237 dominationem

191 2265 432 2338 demonstrant
459 2265 532 2354 illa,
561 2286 651 2358 quae
672 2261 801 2335 Carolo
826 2263 852 2334 l.
897 2275 932 2336 et
956 2269 1057 2338 istius
1077 2263 1288 2340 Successori
1313 2287 1392 2338 cum

189 2367 375 2440 Banaredo
394 2364 763 2458 ValachiaeVajvoda
793 2369 1073 2440 intercesserunt
1083 2365 1137 2459 l).

234 2488 273 2572 l)
296 2490 345 2551 Ad
359 2507 470 2551 nexum
486 2489 666 2568 provinciae
686 2485 782 2573 bajas
799 2509 866 2551 cum
886 2508 1001 2552 corona
1017 2491 1208 2573 Hungariae,
1231 2497 1265 2552 ut
1284 2488 1391 2553 verbis

278 2585 348 2638 utar
360 2573 515 2655 praeclari
528 2575 667 2637 auctoris
683 2574 730 2655 ¹²),
745 2575 825 2638 hene
838 2577 871 2639 in
887 2595 951 2638 rem
963 2597 1000 2639 ex
1013 2577 1157 2655 professo
1169 2573 1228 2640 fide
1242 2576 1393 2640 Chrono-

277 2663 468 2744 graphorum
485 2660 726 2724 domesticorum
740 2660 772 2743 ⁰)
783 2662 970 2724 disserentis
990 2661 1091 2739 „nibil
1107 2661 1294 2725 luculentius
1312 2681 1393 2742 pro-

278 2747 378 2826 „lerri
401 2756 505 2827 potest
527 2747 684 2822 oratione,
708 2766 798 2827 quam
820 2747 999 2808 Benarndus
1020 2749 1058 2808 ad
1080 2746 1205 2828 Regem,
1229 2755 1394 2827 antequam

278 2833 329 2912 „is
348 2833 381 2893 in
398 2832 591 2912 provinciam
609 2834 837 2912 ingrederetur,
861 2852 917 2911 per
933 2832 1053 2912 legatos
1072 2850 1148 2894 suos
1166 2833 1290 2895 habuit:
1312 2831 1395 2904 Quia

279 2935 409 2997 „vos—
439 2918 540 2999 inquit
565 2919 758 2980 -Domine
783 2918 825 2979 mi
847 2918 911 2978 Rex
928 2916 1096 2979 laborastis
1119 2916 1151 2978 in
1170 2917 1394 2980 convocatione

235 3069 236 3072 Ἴ
279 3003 474 3082 „exereitus,
504 3003 640 3065 laborem
668 3012 808 3065 vostrum
839 3002 1081 3082 recompensabo
1106 3009 1224 3082 septem
1252 3002 1393 3066 millibus

279 3108 474 3169 „marcarum
510 3090 649 3170 argenti,
690 3088 862 3167 insuper
897 3105 1078 3163 censum,
1122 3108 1195 3167 quo
1229 3094 1393 3164 teneor,

278 3176 471 3254 „Vestrae
496 3173 678 3237 Coronae
702 3172 894 3235 fideliter
918 3171 1108 3252 persolvi
1132 3172 1272 3234 laeiam
1296 3172 1395 3234 omni

278 3279 415 3339 „anno,
438 3267 468 3322 et
490 3259 697 3321 nihilominus
714 3275 810 3319 unum
828 3277 843 3316 e
859 3256 933 3318 lillis
953 3257 1070 3318 nostris
1086 3255 1333 3319 Vestraeeuriae
1354 3261 1394 3321 ad
1473 3305 1477 3308 -

277 3346 501 3422 „serviendum
520 3344 675 3422 deputabo
691 3343 768 3404 meis
784 3341 937 3420 pecuniis,
959 3350 988 3402 et
1002 3343 1158 3421 expensis,
1180 3346 1395 3405 tantummodo

278 3429 494 3508 „revertimini
514 3428 547 3488 in
568 3447 642 3507 pace
661 3427 791 3502 Vestra,
814 3435 844 3488 et
866 3445 1071 3508 personarum
1093 3427 1241 3507 perieulis
1258 3447 1394 3508 praeea-

277 3528 379 3593 ‚,vete.
393 3515 573 3577 Bazaradus
585 3515 646 3576 iste
659 3547 700 3558 -
713 3513 916 3592 prosequitur
931 3514 1049 3575 Auctor
1063 3513 1142 3575 idem
1156 3547 1197 3559 -
1214 3511 1394 3577 chronicon

277 3621 362 3679 „una
375 3601 407 3663 in
421 3601 633 3663 testimoniam
650 3599 885 3661 adducendo-
901 3599 953 3676 qui
968 3599 1048 3659 alias
1064 3597 1239 3660 Alexander
1254 3601 1394 3663 voeeba'-

217 3747 220 3754 ,
278 3696 362 3764 ‚‚tar,
384 3687 537 3748 rediitad
561 3684 769 3764 obseqium
794 3682 976 3746 Coronae
998 3681 1275 3761 Hungarioae,
1299 3704 1394 3766 reg-

279 3778 420 3848 „nante
445 3770 656 3831 Ludovico
679 3769 713 3830 l⁰
730 3814 738 3845 ,
755 3768 808 3847 qui
825 3768 898 3827 dum
916 3766 948 3827 in
971 3766 1153 3844 primordiis
1170 3769 1394 3832 dominationis

280 3873 376 3932 „surae
403 3853 435 3913 in
455 3853 710 3915 Transilraniam
729 3851 870 3914 venisset
896 3850 1019 3929 quidam
1046 3850 1207 3930 Princeps,
1232 3871 1288 3914 seu
1311 3854 1393 3916 Baro

279 3939 550 4018 „potentissimus
571 3937 750 4000 Alexander
768 3933 912 4017 Vajvoda
928 3934 1159 4012 Transalpinas
1173 3937 1285 3998 ditioni
1300 3936 1394 4020 ejus-

279 4026 369 4100 „dem
384 4021 556 4116 subjectus,
577 4022 630 4104 qui
647 4030 786 4104 tempore
801 4022 931 4082 condam
949 4016 1057 4080 caroli
1074 4017 1168 4099 Regis
1185 4021 1288 4085 Patris
1305 4024 1357 4086 sui
1374 4043 1393 4085 a

222 4170 250 4236 ¹)
271 4178 374 4227 lintona
394 4179 443 4244 Op.
463 4178 510 4230 eit.
529 4177 560 4227 Τ.
581 4179 605 4229 7.
625 4192 683 4244 pag.
702 4177 763 4228 913.

222 4237 248 4300 b)
268 4245 319 4296 cit.
337 4247 456 4302 Dissert.
474 4247 546 4300 illst.
566 4247 632 4300 crit.
651 4261 710 4313 pag.
730 4248 772 4298 80.
791 4248 820 4293 et
838 4253 894 4304 setl·

222 4304 249 4374 ⁰)
268 4314 441 4373 Arcti-Diae.
461 4320 495 4374 dc
513 4317 634 4374 saletto
654 4317 755 4374 chron.
773 4315 803 4368 P.
822 4312 855 4364 ll.
875 4309 905 4364 0·
922 4305 965 4362 97·
982 4316 1010 4365 tt
1028 4310 1105 4364 altor·
