3122 4852
173 279 244 352 166

170 441 456 520 decimarum
483 449 519 519 in
546 445 747 538 Huugaria,
777 455 813 516 et
831 467 977 540 quarum
994 445 1030 516 iu
1058 445 1178 540 speeie
1197 439 1365 514 Albertus

169 551 325 621 meminit
354 551 410 640 ¹),
446 549 883 643 Quinquagesimae
921 551 957 619 in
996 546 1262 644 Transilvania,
1299 566 1367 614 nec

169 674 241 725 uon
259 651 513 722 blarturina
526 671 558 739 e,
574 649 638 722 sub
657 651 792 720 initium
810 651 846 720 in
862 647 1013 745 pellibus
1032 650 1151 719 martis
1171 647 1365 736 desumtae,

170 777 213 826 ac
230 751 377 826 subinde
405 754 442 823 in
459 751 624 823 tributum
650 751 837 845 pecuniale
854 747 1037 842 reductae,
1066 770 1153 843 quas
1173 746 1367 820 Coloman-

169 875 235 928 nue
263 857 467 925 nominatim
485 874 551 948 pro
570 853 761 927 Sclavenia
789 853 1039 941 ordinaverat,
1068 862 1104 921 et
1131 849 1294 921 Andreas
1322 847 1366 918 Π.

165 959 267 1048 juxta
286 956 599 1045 consvetudinem,
625 954 670 1042 ,ab
697 953 767 1025 hoc
784 954 1068 1027 Praedeoessore
1096 973 1161 1024 suo
1188 953 1367 1022 constitu-

168 1067 259 1146 tam,
287 1057 439 1151 dependi
466 1056 580 1131 voluit
609 1055 663 1152 Ι’);
700 1056 769 1127 huc
798 1053 948 1150 denique
981 1053 1148 1144 Telonia,
1182 1075 1272 1147 quae
1300 1060 1365 1148 pro

170 1181 238 1232 usu
264 1160 345 1234 viae
376 1183 395 1230 a
422 1159 685 1232 transeuntibus
715 1157 969 1252 colligebantur
996 1153 1104 1246 m),
1143 1167 1247 1248 atque
1276 1155 1366 1226 aliae

172 1262 305 1336 diversi
324 1261 458 1334 ordinis
485 1265 771 1357 praestationes,
798 1263 835 1332 in
859 1259 1076 1356 reipublicae
1094 1277 1180 1332 usus
1204 1265 1366 1356 rogatae,

169 1368 432 1464 imperatoreque
451 1367 629 1459 pertinent
658 1359 699 1466 ⁶).

211 1487 253 1576 ⁴)
276 1488 396 1552 Indicat
425 1477 517 1551 bobis
549 1488 629 1550 alios
661 1489 743 1550 iuter
771 1489 853 1570 Pray
877 1509 913 1552 aa
946 1489 1075 1552 Litteris
1098 1487 1240 1552 Ladialai
1264 1485 1367 1550 Obuni

258 1577 295 1638 de
309 1577 352 1638 Αο
369 1574 462 1640 1276.
480 1573 639 1638 collectam
655 1574 847 1654 victualium,
868 1575 1155 1639 otMarturinarum
1179 1576 1212 1636 in
1236 1574 1369 1636 Sclave-

185 1731 187 1738 ,
255 1662 318 1736 nia,
342 1681 417 1740 quae
440 1659 534 1741 vulgo
555 1657 754 1734 Zulusma,
778 1659 826 1721 vel
844 1660 1009 1742 Solyosma
1029 1661 1152 1736 dicitur,
1168 1663 1260 1740 inque
1277 1662 1369 1740 ipsis,

260 1749 299 1808 ad
323 1763 399 1828 quas
422 1764 492 1805 mox
516 1745 756 1824 provocavimus
779 1745 929 1808 Abbatiae
947 1746 1144 1809 Zaladiansis
1162 1747 1368 1808 luudationa-
1457 1765 1467 1788 ⁸

256 1831 340 1894 libus
365 1829 555 1893 Colleotorcs
579 1838 640 1890 tam
665 1828 856 1908 victualium,
880 1852 969 1912 quam
989 1833 1188 1894 denariorum
1204 1833 1368 1894 memorari

258 1915 485 1978 animadvertit.
509 1913 630 1976 Horum
651 1917 818 1978 eorundem
836 1918 951 1978 mentio
969 1919 1000 1978 in
1025 1918 1267 1980 confirmatoriis
1287 1938 1369 1997 quo-

258 2023 315 2084 que
339 2003 370 2065 S.
393 1999 535 2062 Ladislai
556 1997 687 2086 Litteris
712 2003 838 2063 totidem
869 2004 935 2064 lere
959 2002 1064 2065 verbis
1088 2005 1206 2067 occurit
1221 2002 1266 2086 ἂ).
1290 2004 1369 2066 Tri-

259 2087 332 2150 buta
355 2105 450 2168 porro
473 2086 505 2148 in
529 2086 613 2161 vino,
637 2093 667 2147 et
689 2087 856 2168 pecoribus
879 2088 1045 2168 aliquando
1061 2091 1213 2170 praestita
1232 2087 1277 2150 val
1292 2090 1390 2162 illud

258 2171 365 2235 Bullac
379 2191 499 2235 ‚aureae
519 2179 669 2234 statutum
686 2174 718 2256 ο)
742 2172 994 2255 „Gybrioncs
1018 2173 1075 2256 (ex
1099 2175 1267 2256 hungarico
1284 2175 1369 2238 Osd-

261 2258 335 2334 bor,
355 2259 436 2338 qued
459 2265 573 2320 certam
598 2277 693 2319 urnac
715 2259 849 2338 speciem
873 2260 1017 2340 denotat)
1042 2259 1210 2337 tributa,
1236 2260 1369 2337 boves,

259 2352 297 2405 et
319 2344 420 2407 duas
443 2351 585 2423 partes
609 2351 844 2408 castrorum
867 2345 948 2407 Rex
970 2344 1183 2408 obtineat“
1208 2346 1368 2408 subiciens

259 2429 388 2510 praebet
409 2428 632 2492 testimonium.

195 2535 256 2620 ll)
279 2536 345 2599 Len
369 2535 605 2622 Golomanuif)
626 2537 864 2600 Libertatis
888 2538 1082 2602 denarios
1105 2548 1206 2617 vocat,
1229 2540 1369 2619 compel-

258 2621 386 2684 latiouis
409 2641 533 2684 eausam
556 2631 646 2684 tenor
669 2625 737 2703 ipse
761 2624 886 2686 articuli
909 2625 955 2688 sic
978 2626 1125 2705 explicat:
1150 2627 1268 2701 „Liber
1288 2645 1369 2704 quo-

263 2727 346 2786 „qua
369 2707 497 2788 hospes,
520 2707 602 2769 sicut
625 2706 722 2787 slavi,
747 2709 796 2772 vel
818 2711 932 2773 caeteri
955 2713 1114 2786 extranei,
1144 2712 1196 2790 qui
1219 2712 1253 2772 in
1276 2711 1370 2771 terris

259 2792 425 2870 „laborant
455 2791 605 2870 aliorum,
641 2814 715 2874 pro
749 2795 946 2856 libertate
987 2803 1140 2856 tantum
1173 2795 1387 2874 denarios
1467 2849 1469 2854 ,

261 2879 397 2954 „dente
428 2877 498 2940 blon
521 2878 602 2941 alios
625 2879 717 2942 etiam
741 2880 888 2941 denarios
915 2880 1046 2958 insuper
1068 2899 1126 2960 pro
1150 2900 1244 2962 opere
1266 2879 1371 2964 aliquo

260 2965 357 3042 „dare
379 2967 561 3046 coganturt‘

174 3067 252 3158 aaa)
275 3071 424 3136 binorum
446 3073 658 3154 Diplomatum
688 3073 906 3154 antiquorum,
941 3073 973 3135 in
998 3071 1146 3138 Gamerae
1168 3074 1284 3156 Regiae
1305 3077 1371 3138 Ar-

261 3157 351 3220 cbivo
375 3157 642 3237 delitescentium,
682 3161 885 3236 reminiscor,
921 3178 998 3241 quae
1030 3160 1160 3248 telonia
1180 3162 1284 3222 simila
1313 3181 1370 3242 pro

260 3245 378 3306 tributo
401 3245 590 3320 habuerant,
616 3263 708 3306 unum
732 3246 822 3306 llalae
846 3245 917 3320 tv„
941 3255 1030 3324 atquc
1054 3244 1124 3328 ejus
1147 3247 1279 3328 Nepotis
1304 3245 1371 3308 La-

260 3329 354 3392 dislal
377 3329 518 3394 alterum.
558 3330 663 3392 l’rierl
693 3331 938 3415 transserram
967 3332 1000 3392 in
1029 3329 1305 3406 satanicum,
1335 3339 1372 3392 et

261 3414 591 3478 bartholomeum
635 3417 679 3478 de
723 3415 850 3496 Vegla
895 3419 1101 3496 quamdam
1149 3418 1372 3480 Civitatem

261 3501 370 3564 circa
393 3499 515 3563 littus
538 3501 663 3564 maris
695 3502 957 3578 existentem,
992 3505 1086 3564 Scan
1119 3501 1272 3586 (Segnia)
1306 3522 1371 3564 vo-

264 3596 408 3666 catam,
438 3607 521 3650 cum
556 3589 741 3652 omuibus
774 3587 863 3649 suis
898 3587 1181 3665 utilitatibus,
1220 3598 1256 3650 et
1279 3608 1369 3668 pcr-

265 3671 457 3736 tinentiis
480 3671 701 3750 universis,
724 3671 847 3736 simul
869 3693 951 3736 cum
976 3673 1152 3753 tribute,
1177 3695 1244 3736 seu
1269 3673 1370 3737 telo-

171 3803 376 3819 Ἦ

205 3846 234 3916 ·)
251 3847 329 3906 arsa.
346 3851 371 3903 r.

205 3937 235 4004 a)
254 3931 330 3992 ts'as.
348 3940 391 3990 ar.

208 4027 233 4088 ο)
252 4025 364 4078 consuli
384 4025 416 4076 de
435 4024 477 4074 bie
496 4029 550 4088 pot.
568 4025 640 4089 Pray
658 4021 685 4077 lu
702 4026 773 4078 lllat.
792 4030 858 4093 lteg.
873 4028 964 4092 flung.
978 4032 1036 4078 not.
1054 4039 1145 4090 praev.
1160 4027 1193 4078 Τ.
1207 4029 1227 4078 l.
1250 4027 1279 4078 (i.
1298 4027 1331 4078 ll.
1345 4032 1372 4078 et

253 4096 377 4147 cxvur.
395 4095 487 4146 Palma
504 4100 558 4144 not.
569 4096 633 4146 lter.
644 4097 728 4164 hung.
744 4100 775 4150 T.
789 4099 808 4148 l.
821 4113 846 4150 a.
861 4113 887 4166 p.
903 4099 964 4152 129.
974 4120 1007 4132 -
1019 4096 1078 4148 133.
1093 4102 1166 4146 -et
1182 4097 1301 4164 sparsim
1317 4099 1372 4150 Ko-

255 4165 369 4216 vaclrleb
388 4163 414 4213 iu
430 4164 509 4216 vest.
526 4165 623 4216 comit.
667 4227 669 4232 Ι

205 4246 232 4312 d)
252 4251 323 4314 Pray
346 4248 394 4314 Op.
413 4254 441 4299 et
455 4249 507 4300 loc.
526 4250 571 4302 cit.

205 4335 230 4396 ο)
250 4337 328 4387 tata
346 4333 389 4385 29.

206 4418 235 4486 t)
254 4421 320 4473 Dec.
335 4421 364 4472 la
380 4421 401 4475 1.
416 4417 450 4494 Ι(1.
468 4419 511 4476 80.
