3142 4862
628 732 875 856 'hibor
918 735 968 855 l.
1102 825 1105 830 -
1157 731 1160 738 ’

423 951 501 1033 De
546 950 846 1034 'l'crritorio
891 949 1218 1067 Hungariac.

705 1102 866 1216 capara
889 1127 932 1198 1.

476 1243 533 1332 lic
559 1238 801 1329 Territorio
826 1237 1171 1348 llctropolltooo.

699 1501 701 1506 ,
761 1421 799 1510 s·
836 1421 868 1490 1·

587 1615 590 1622 A
620 1541 728 1628 Quid.
743 1545 1022 1616 Tmitora'om?
1141 1603 1144 1610 ,
1183 1557 1186 1564 ’

320 1665 463 1760 Plagam
480 1662 545 1738 sub
557 1668 731 1738 commoni
755 1666 907 1762 Imperio
927 1667 1164 1756 constitutam,
1183 1663 1416 1738 Territoriunr

136 1789 138 1794 ·
221 1765 383 1840 Civitatis
413 1767 627 1863 compellare
666 1771 775 1842 moris
808 1778 884 1858 est3
921 1791 1011 1864 quae
1042 1767 1150 1840 Notio
1188 1765 1417 1840 Monarchiae

219 1869 441 1963 ilungaricae
458 1868 629 1950 latissimo
650 1891 757 1945 sensu
776 1872 953 1968 applicita,
971 1871 1154 1966 Regiones
1171 1891 1311 1966 quoque
1329 1869 1419 1942 sulr-

219 1973 384 2067 intelligit
401 1974 481 2064 jure
501 1972 628 2065 solum,
656 1977 724 2048 etsi
743 1997 816 2048 non
835 1974 931 2048 iacto
955 1995 1080 2048 sacrae
1099 1973 1216 2068 Regni
1237 1971 1415 2064 Coronae,

206 2084 258 2148 et
275 2074 448 2174 perhanc
466 2075 624 2171 legitimo
647 2077 781 2150 Terrae
801 2078 956 2174 Principi
975 2077 1161 2152 obnoxias.

620 2354 723 2425 Vort‘z'
747 2356 828 2442 asos
857 2352 1017 2426 obtutus.

319 2476 548 2550 Territorium
576 2476 637 2549 vel
669 2476 830 2565 naturali,
859 2472 901 2548 ae
931 2476 1096 2572 physico,
1123 2474 1185 2549 vel
1217 2475 1326 2566 civili,
1354 2495 1420 2548 seu

218 2578 342 2650 morali
364 2577 428 2652 suh
452 2577 573 2650 obtutu
592 2578 812 2651 considerari
826 2577 956 2675 potest.
975 2581 1109 2652 Peioris
1129 2577 1305 2667 objectum
1317 2577 1420 2649 clima

142 2698 144 2702 ·
217 2680 404 2773 Regionis,
433 2683 521 2754 situs
545 2680 819 2776 geographicas,
847 2682 1033 2777 producta,
1052 2681 1231 2769 fertilitas,
1255 2679 1421 2752 attributa

217 2781 364 2872 hujusce
386 2782 514 2855 indolis
533 2783 668 2877 reliqua
698 2788 925 2856 constituunt.
955 2781 1079 2856 Civilis
1106 2822 1158 2838 --
1178 2781 1221 2854 de
1243 2803 1315 2876 quo
1338 2781 1419 2855 solo

217 2883 275 2956 hic
290 2905 408 2956 sermo
433 2894 490 2956 est
509 2923 562 2936 -
576 2889 724 2980 respicit
737 2887 831 2975 jura,
858 2886 983 2980 quibus
1004 2887 1235 2978 Territorium
1252 2885 1418 2978 Principi,
1462 2931 1469 2940 -

216 2986 423 3081 Populoque
442 2986 685 3078 obstringitur,
713 3008 871 3060 necnon
890 2988 1070 3082 politicam
1089 2989 1166 3078 ejus
1191 2985 1416 3074 divisionem,

219 3097 323 3183 atque
344 3098 480 3162 mutuas
496 3091 646 3183 partium
665 3088 708 3160 ad
730 3108 769 3161 se
790 3091 943 3160 invicem
961 3090 1166 3160 relationes.
1194 3087 1271 3158 Hoc
1289 3096 1435 3182 poste-·

216 3193 305 3262 riori
326 3190 390 3263 sub
411 3200 579 3284 respectu
599 3192 808 3284 praeprimis
828 3190 1052 3284 distingvitur
1074 3191 1307 3278 Territorium
1327 3187 1418 3259 Me-

217 3294 581 3385 tropolitanum,
610 3291 712 3362 aliter
738 3291 1012 3413 principale
1041 3292 1083 3364 ab
1111 3291 1416 3365 accessoriis

216 3394 284 3466 Pro
316 3393 377 3464 illo
412 3391 515 3465 nobis
545 3391 725 3486 Hungaria
760 3404 815 3466 est
844 3398 922 3516 ipsa
960 3398 1129 3468 strictiori
1160 3394 1417 3488 significatione

217 3504 376 3590 accepta,
395 3517 461 3592 pro
486 3496 563 3568 istis
582 3495 793 3574 Provinciae
809 3501 942 3644 sociae,
961 3498 1024 3573 vol
1044 3497 1114 3570 alio
1137 3496 1239 3570 titulo
1261 3517 1418 3568 coronae

218 3597 421 3672 obstrictae.

770 3724 808 3808 §.
837 3724 872 3795 3.

325 3848 482 3918 Limites
508 3847 632 3935 Repeti
655 3847 880 3939 Hunporioo
903 3817 1110 3940 prestecota
1137 3851 1310 3926 saeculis

317 3969 573 4042 Extensionem
592 3966 813 4063 Hungariae
815 3975 959 4067 proprie
982 3977 1035 4044 sic
1054 3974 1181 4065 diotae,
1209 3978 1311 4049 vario
1333 3975 1418 4049 Mo-

216 4061 382 4147 narchiac
399 4080 596 4164 tempore
576 4074 711 4145 variam
724 4095 771 4144 ex
785 4073 933 4146 historia
949 4079 1123 4174 novimus.
1144 4075 1419 4173 Compleoteha-

217 4185 274 4248 tur
303 4175 363 4246 illa
399 4170 543 4245 saeculo
577 4172 714 4280 decimo
758 4176 1039 4263 Transilvaniam
1069 4181 1125 4269 ),
1165 4190 1201 4302 et
1226 4185 1417 4274 potiorem,

212 4323 407 4334 ...ι-*-

122 4447 125 4454 .
247 4365 385 4430 >Cenat
403 4365 576 4436 Porphyrog
596 4368 630 4424 de
649 4367 727 4456 Aina
745 4368 810 4451 lmp.
829 4366 859 4422 0
877 4363 920 4424 40.
989 4438 992 4444 ¹
