3142 4862
733 393 770 480 S·
799 390 845 463 X·
967 425 972 438 ·

316 523 409 593 Non
430 521 597 610 primum
624 538 706 590 cum
731 519 854 607 Rapio
880 517 1076 606 Dipartcte
1103 529 1249 588 exorta.

295 643 425 716 Errant
454 650 575 730 certe,
604 642 662 736 qui
686 644 834 734 primum
861 639 999 732 Regem
1023 637 1260 732 Stephanum,
1289 660 1392 733 quem

86 774 90 784 ·
193 750 318 840 regiae
346 745 526 838 dignitatis
569 742 661 839 apud
698 763 765 814 nos
787 745 982 812 'auctorem
1015 761 1249 825 veneramur,
1286 740 1393 814 lilium

196 871 296 922 suum
322 847 415 918 ultro
453 855 672 916 monentem:
710 865 766 915 ne
795 849 1163 915 antecessorum
1190 841 1394 916 Decreta

198 955 412 1048 spernat,
441 945 1235 1043 neuepopulumsuumperegrinis
1264 943 1393 1037 legi-

197 1055 283 1125 bus
314 1058 455 1143 regat
484 1051 531 1140 ⁸),
558 1072 628 1120 una
658 1046 927 1120 constitutionis
946 1055 1103 1135 nostrae,
1130 1056 1281 1120 aetatem
1298 1047 1392 1120 illius

199 1157 308 1246 longe
346 1152 567 1247 superantis,
595 1153 643 1221 ita
672 1153 889 1244 primaevum
917 1147 1143 1224 Conditorem
1172 1171 1255 1223 esse
1282 1149 1393 1220 vole-

198 1255 283 1327 bant
313 1253 373 1345 b),
401 1262 439 1323 ut
458 1252 608 1323 eundem
633 1251 817 1323 aFrancis
847 1250 1045 1345 exemplum
1064 1273 1110 1321 ex
1134 1255 1274 1346 integro
1294 1274 1394 1324 sum-

202 1361 294 1429 sisse
324 1355 549 1426 conteudant.
592 1353 692 1425 Licet
718 1375 790 1426 non
818 1375 953 1446 pauca,
992 1362 1028 1422 et
1055 1353 1157 1446 leges
1185 1357 1393 1452 praeprimis

201 1457 245 1530 ad
274 1456 492 1551 disciplinam
525 1460 746 1549 pertinentes
774 1452 856 1525 inde
883 1453 1015 1525 fuerint
1042 1461 1174 1547 petitae
1202 1453 1269 1547 ἰ),
1308 1477 1395 1551 quas

201 1581 327 1652 nempe
358 1557 526 1650 exigebat
552 1561 694 1629 novitas
723 1560 759 1626 in
785 1555 1033 1648 Religionem,
1062 1578 1103 1626 ac
1131 1579 1250 1630 mores
1275 1559 1396 1654 populi

201 1659 422 1747 introducta,
449 1658 599 1751 perenni
618 1667 735 1728 tamen
762 1660 895 1750 pietate
921 1661 958 1727 in
977 1661 1132 1751 acceptis
1151 1659 1298 1731 debetur
1316 1660 1398 1731 huic

201 1762 320 1854 Regni
338 1759 494 1840 Statori,
524 1757 617 1851 quod
644 1752 679 1829 Is
697 1760 814 1830 veteri
832 1757 1006 1848 Majorum
1030 1765 1285 1851 constitutioni,
1306 1784 1396 1856 quae

204 1861 463 1934 consuetudine
488 1858 659 1930 hactenus
686 1859 875 1949 nitebatur,
906 1881 1020 1932 novas
1049 1864 1154 1933 etiam
1179 1861 1280 1956 leges
1305 1885 1398 1935 con-

205 1965 331 2053 sultis,
360 1985 402 2034 ac
430 1961 734 2033 consentientibus
761 1962 877 2054 Regni
905 1961 1116 2058 Episcopis,
1146 1974 1182 2035 ct
1210 1965 1399 2060 Optimati-

205 2067 272 2138 bus
290 2101 342 2117 -
357 2074 396 2136 ut
415 2065 492 2153 ejus
510 2061 732 2157 Biographus
752 2062 884 2134 diserte
904 2073 1054 2136 testatur
1083 2067 1115 2156 ²)
1137 2104 1190 2118 —-
1216 2070 1322 2138 aetati
1349 2067 1400 2138 illi

207 2172 348 2240 omuino
378 2163 650 2253 accomodatas,
689 2164 976 2255 ecclesiasticas,
1014 2167 1201 2260 politicas,
1229 2169 1398 2242 militares

207 2268 398 2356 addiderit,
426 2289 467 2336 ac
485 2287 550 2359 pro
569 2269 670 2358 regia
704 2288 767 2338 sua
786 2270 995 2338 auctoritate
1014 2267 1253 2360 Nobilitatem,
1282 2271 1399 2343 alios-

207 2392 277 2464 que
294 2372 397 2462 regni
414 2367 550 2440 incolas
571 2367 796 2461 amplioribus
820 2367 1039 2441 libertatibus
1068 2373 1104 2440 in
1124 2382 1288 2444 secutura
1306 2383 1401 2444 tem-

208 2494 295 2566 pora
327 2472 527 2542 ornaverit.
558 2468 655 2540 Istud
681 2478 898 2563 postremum
931 2469 1095 2564 proiecto
1125 2483 1227 2545 extra
1263 2474 1402 2546 dubium

208 2577 308 2670 ponit
332 2572 393 2645 vel
421 2573 587 2642 continua
613 2574 725 2643 -in
751 2572 888 2664 Regum
917 2593 1057 2666 quoque
1086 2575 1250 2648 Decretis
1270 2597 1401 2648 occur-

208 2695 292 2746 rens
315 2712 369 2728 -
393 2676 604 2767 provocatio
635 2671 679 2742 ad
706 2672 800 2745 illam
828 2673 1047 2764 libertatem,
1076 2697 1178 2769 quam
1207 2700 1227 2747 a
1257 2677 1293 2750 S.
1314 2678 1401 2751 Ste-

207 2776 323 2872 phano
351 2774 548 2870 prolectam
583 2773 717 2863 fuisse,
746 2786 914 2847 constans
946 2777 1037 2870 apud
1055 2776 1212 2867 Majores
1240 2790 1398 2870 nostros,

208 2888 312 2972 atquc
331 2879 524 2949 communis
552 2895 678 2948 sensus
705 2888 802 2964 erat,
830 2876 925 2949 fideli
953 2877 998 2949 ad
1025 2889 1193 2972 posteros
1207 2881 1399 2954 traditione

207 2989 424 3074 propagatus
456 2975 502 3068 d).

251 3103 291 3187 *)
313 3100 504 3162 Nominatim
528 3096 598 3182 ejus
613 3100 818 3163 Decretorum
837 3101 949 3164 librum
973 3101 1047 3165 2³²⁰·
1068 3103 1201 3166 maxima
1216 3103 1309 3188 jungi
1325 3125 1404 3186 pro-

293 3187 469 3266 pinguitatc
491 3184 681 3247 Francorum
707 3186 959 3266 capitularibmr,
981 3188 1133 3252 Kolarius
1148 3191 1179 3268 ⁶)
1202 3191 1324 3253 collatis
1350 3194 1405 3254 1¹¹⁰

293 3280 324 3333 et
345 3271 397 3332 2⁴⁰
420 3269 560 3353 ejusdam
591 3270 701 3350 Capite
732 3291 801 3334 cum
833 3271 1015 3337 Canonibus
1047 3275 1182 3338 concilii
1216 3272 1405 3362 moguntini,

294 3355 414 3435 liquido
437 3356 582 3420 ostendit

745 3493 781 3578 δ.
809 3492 870 3564 ΧΙ.

373 3643 635 3716 dlemcraatur
660 3643 891 3732 Argumenta
918 3650 956 3716 ia
984 3653 1228 3722 contrarium.

312 3764 471 3836 Prudens
491 3765 710 3858 supersedeo
734 3768 1024 3860 apersequendis
1042 3774 1153 3842 variis
1168 3767 1406 3867 opinionibus,

211 3885 299 3957 quas
326 3868 395 3938 viri
424 3875 602 3936 caeterum
630 3866 756 3938 eruditi
781 3867 940 3939 loannes
966 3870 1070 3941 Pelen
1096 3871 1250 3946 Senator
1268 3875 1408 3972 Sopro-

217 3989 440 4090 WB.
462 4036 486 4086 1.
505 4034 568 4098 Gap.
584 4027 657 4086 Vm.
678 4053 682 4060 ·

239 4099 266 4161 Β)
288 4105 403 4154 Praeter
422 4103 493 4154 allos
511 4104 637 4168 Plringer
654 4105 680 4157 ln
698 4103 760 4172 ling.
779 4105 884 4178 Sontas.
903 4110 982 4160 'l'om-
1000 4110 1021 4161 1.
1039 4126 1066 4175 p·
1085 4111 1110 4164 6.
1129 4121 1230 4182 etseq.

241 4175 267 4233 ⁸)
286 4173 436 4224 Hartvieus
454 4175 480 4222 ln
499 4174 605 4226 vitas.
625 4176 762 4239 Stephani.

240 4243 271 4309 d)
288 4245 317 4292 ln
338 4243 405 4294 baec
424 4243 504 4296 utilit.
522 4245 592 4294 conl.
612 4259 700 4309 cump.
721 4247 813 4296 Palma
833 4246 859 4296 ln
884 4252 939 4300 not.
959 4262 1014 4302 rar.
1028 4252 1109 4320 hung.
1130 4254 1194 4307 edla.
1213 4255 1237 4309 3.
1257 4255 1288 4306 P.
1309 4257 1333 4308 1.
1348 4251 1373 4318 d.
1383 4254 1409 4306 9.

158 4321 161 4326 ·
198 4357 204 4366 ,
291 4319 318 4364 et
333 4314 490 4364 ltovacblcb
513 4314 541 4364 in
554 4315 632 4367 Veat.
654 4317 751 4369 counit.
768 4331 793 4382 p.
810 4319 853 4367 15.
871 4326 971 4384 etseq.

244 4379 270 4448 ο)
288 4383 332 4434 De
351 4383 417 4449 orig.
438 4388 468 4436 et
485 4398 539 4436 usa
557 4398 633 4452 perp.
651 4392 751 4453 potest.
769 4385 885 4452 legistae
904 4388 968 4456 Cap.
985 4386 1012 4441 l.
