3142 4862
1311 252 1356 326 11

162 423 387 498 demfactas:
427 420 545 514 ,Nos
583 425 738 518 igitur
765 443 924 496 eorum
950 421 1178 520 petitioni
1206 422 1356 496 satis-

163 526 350 619 ,facoro
389 527 667 619 cupientes,
707 531 743 600 iu
770 525 929 599 omnibus
956 563 1008 577 -
1033 527 1083 596 uti
1121 532 1280 595 tenemur
1308 560 1360 576 --

165 628 398 724 „praesertim
426 629 506 721 quia
532 629 624 700 inter
657 627 748 700 Nos
777 636 822 698 et
850 648 933 699 eos
963 627 1246 698 occassione
1274 623 1361 696 hac

165 731 258 821 „jam
288 731 429 824 saepius
456 727 504 815 ,ad
532 729 778 803 amaritudines
798 751 869 801 non
887 727 1043 800 modicas
1070 738 1125 798 est
1151 748 1361 821 processum

166 828 640 924 „u-concedimustam
664 834 758 922 eis,
787 852 917 925 quam
945 831 1057 903 aliis
1085 827 1360 902 hominibus

167 935 340 1028 „Regni
377 935 535 1005 nostri
570 933 861 1006 libertatem
888 956 907 1004 a
935 931 971 1006 S.
999 931 1129 1024 Rege
1158 951 1361 1004 conces-

163 1057 305 1131 „sam,
351 1055 402 1106 ac
440 1036 537 1107 alia
577 1037 630 1107 ad
668 1046 839 1108 statum
875 1035 1027 1128 Regni
1053 1036 1211 1104 nostri
1238 1033 1361 1107 refor-
1469 1044 1472 1050 “

164 1138 348 1231 ,mandum
365 1140 577 1232 pertinentia
597 1137 784 1210 salubriter
804 1137 1004 1212 ordinamus
1023 1137 1059 1206 in
1074 1134 1166 1205 hunc
1182 1135 1357 1208 modum.“

161 1243 233 1314 llas
260 1243 401 1333 iuquam
428 1238 675 1334 professiones
703 1243 780 1337 quis
816 1239 955 1310 tandem
989 1239 1151 1310 veritatis
1180 1237 1359 1310 studiosus

93 1401 100 1408 .
163 1347 243 1432 erit,
273 1345 331 1437 qui
359 1363 431 1413 uon
449 1342 614 1413 indicium
640 1365 705 1437 pro
726 1341 883 1415 Comitiis
904 1339 1024 1411 facero
1048 1361 1112 1412 suo
1132 1343 1294 1434 praeciso
1315 1363 1363 1411 cx

163 1445 307 1517 arbitrio
336 1444 486 1514 teneat?
512 1443 589 1514 Nec
616 1443 722 1516 video
750 1442 928 1540 prolecto,
957 1443 1028 1536 qui,
1056 1443 1125 1511 nisi
1151 1445 1361 1534 congregati

162 1545 323 1636 Nobiles,
350 1547 443 1639 Regi
460 1550 667 1641 petitionem
687 1569 784 1619 suam
803 1565 1006 1640 proponere
1025 1545 1073 1613 ita
1097 1544 1296 1636 potuerint,
1324 1552 1363 1614 ut

163 1648 248 1721 hac
275 1653 569 1721 occassione
595 1651 792 1741 intereos,
813 1659 849 1723 et
875 1647 1011 1742 Regem
1039 1643 1083 1718 ad
1110 1642 1358 1718 amaritudines

163 1747 236 1826 noh
262 1751 418 1824 modicas
446 1751 553 1826 fucrit
578 1773 798 1850 processum.

690 1926 726 2012 §.
755 1921 850 1995 XXI.

499 2049 590 2122 Nou
612 2051 751 2136 injusto
770 2055 809 2119 ci
828 2061 1025 2120 detortum.

267 2195 402 2286 lnjusta
427 2199 464 2268 vi
492 2197 671 2268 decretum
699 2194 792 2267 istud
828 2201 1004 2266 extortum
1031 2191 1258 2278 allirmantes,
1288 2214 1362 2266 non

165 2300 330 2372 videntur
347 2300 562 2387 meminisse,
590 2297 693 2370 fidem
711 2297 871 2385 subditis,
899 2296 1003 2390 plane
1026 2291 1216 2366 rebellibus
1235 2292 1360 2382 libere,

167 2409 365 2496 sponteque
401 2401 515 2472 datam
552 2400 762 2473 servandam
790 2418 872 2470 esso
904 2399 959 2487 ³),
998 2406 1033 2467 et
1071 2417 1149 2466 cum
1183 2394 1363 2489 precibus,

167 2503 354 2596 multisque
372 2504 560 2591 instantiis,
589 2521 676 2595 quas
695 2502 858 2574 Andreas
878 2505 1140 2586 commemorat,
1168 2499 1241 2570 vim
1259 2496 1362 2569 adhi-

166 2603 273 2676 bitam
290 2603 382 2674 haud
409 2603 513 2675 facile
532 2606 706 2698 componi.
734 2603 775 2674 In
792 2603 913 2697 probis
939 2623 1012 2674 non
1031 2598 1236 2672 absimiliter
1254 2601 1387 2693 peni-'-

169 2715 226 2782 tus
243 2704 420 2794 deliciunt,
440 2709 498 2799 qui
516 2705 865 2799 illudpraetendunt,
888 2707 976 2776 vitio
998 2701 1237 2796 subreptionis
1255 2700 1363 2773 labo-

168 2827 260 2878 rare:
280 2805 365 2877 lnde
385 2809 489 2894 enim,
509 2811 590 2900 quia
608 2817 727 2878 textus
747 2804 869 2878 Codici
887 2806 1082 2876 domestico
1098 2806 1267 2890 insertus,
1298 2805 1363 2897 pro

170 2910 355 3004 explorata
373 2908 645 2980 describentium
664 2910 742 2998 ejus
761 2911 842 2982 aevi
861 2909 1065 2993 oscitantia,
1092 2905 1153 2976 vel
1171 2903 1265 2976 forte
1285 2913 1367 2974 tar·-

171 3010 261 3082 diori
297 3010 559 3104 typothetarum
594 3033 718 3084 erroro
754 3010 874 3083 verbis
909 3006 1068 3080 nonnihil
1106 3005 1281 3099 divergit,
1323 3004 1365 3078 ab

171 3111 381 3182 authenticis
399 3112 521 3184 Bullae
541 3114 619 3202 ejus
639 3115 859 3200 transumtis,
898 3131 990 3206 quac
1009 3106 1268 3204 posterioribus
1286 3106 1366 3178 Re-

170 3235 253 3304 gum
272 3213 425 3285 decretis
445 3217 688 3304 coutinontur,
707 3215 777 3286 hoc
794 3215 907 3286 minus
928 3233 1056 3306 aequo,
1076 3211 1263 3304 periteque
1281 3207 1365 3280 lec·-
1444 3285 1445 3288 Ἴ

170 3318 241 3385 tori
267 3317 422 3408 suspicio
452 3313 533 3386 falsi
562 3317 765 3406 oborietur,
791 3326 1023 3411 posteaquam
1050 3331 1239 3384 numerosa
1266 3309 1368 3400 ejus·-

173 3415 269 3488 modi
295 3417 596 3504 Transumtorum,
624 3428 660 3488 et
677 3418 745 3488 'val
770 3421 874 3490 unius
901 3417 1072 3490 Ludouici
1103 3412 1129 3484 l.
1153 3413 1369 3510 exemplaria

174 3516 359 3588 duodecim
386 3515 579 3586 adhucdum
607 3525 749 3587 exstant
777 3517 812 3606 a]
839 3521 898 3610 qui
924 3527 1007 3610 post
1035 3535 1146 3586 annos
1175 3524 1315 3584 centum
1334 3523 1370 3584 et

171 3621 454 3711 vigintinovem
497 3617 778 3713 praedictas
822 3616 1035 3688 Litteras
1079 3615 1240 3706 ipsius
1277 3614 1370 3685 Do-

172 3723 281 3791 mini
307 3720 522 3792 Andreae
556 3719 597 3791 ll.
632 3719 790 3792 Aurea
817 3739 898 3791 sua
924 3717 1061 3792 Bulla
1094 3713 1369 3803 roboratas,

175 3825 293 3894 omni
319 3825 517 3917 ponitus
555 3825 842 3918 suspicione
870 3828 1101 3893 carentes
1129 3855 1180 3915 -r
1207 3816 1368 3914 adeoque

172 3924 210 3995 iu
238 3928 375 4017 origine
401 3922 468 3997 sibi
494 3928 605 4014 visas,
633 3922 853 3998 confirmavit
883 3923 927 4016 ⁶).

204 4139 230 4212 ξ)
247 4141 329 4206 Hugo
351 4143 466 4194 Grotius
491 4141 525 4194 do
545 4144 614 4194 dure
637 4142 700 4194 tattt
723 4149 751 4194 et
775 4144 849 4208 pacis
870 4143 899 4195 h.
915 4143 941 4196 8·
959 4139 987 4193 0.
1008 4141 1049 4196 19.
1069 4135 1092 4206 h.
1118 4141 1143 4192 6.
1160 4139 1320 4196 Puffendorl
1336 4146 1370 4198 ds
1414 4203 1417 4209 ,

204 4275 231 4342 ¹²)
251 4213 312 4332 11111.
328 4213 569 4335 Ν1111.01111111111
587 4211 903 4348 8adelbrath.§vhrtbhtpohh
920 4211 1063 4348 1111111111,
1077 4293 1127 4333 uec
1142 4293 1195 4335 aon
1209 4282 1245 4336 td.
1266 4265 1303 4336 in'
1314 4291 1370 4338 not.
1440 4347 1441 4352 ἵ

251 4354 373 4414 praelim.
393 4355 426 4404 od
445 4354 547 4417 Syllog.
565 4355 648 4403 Decr.
666 4355 747 4405 Vaut.
766 4355 840 4406 Gom.
859 4370 884 4421 p.
903 4353 945 4408 96.

205 4417 232 4485 ο)
250 4419 310 4476 vm,
329 4424 418 4476 Praei.
436 4424 482 4478 cit.
499 4425 567 4478 Dec.
584 4423 651 4476 tud.
668 4423 691 4475 1.
