3124 4868
207 173 256 249 et

102 385 103 390 Ν
207 341 341 418 Sacrae
362 335 527 416 Coronae
554 339 719 416 obnoxiis
747 365 819 417 non
838 338 1150 440 postulatam
1167 357 1402 438 praesen-

208 453 286 535 tat,
314 443 377 517 sed
395 445 597 515 nominat
623 441 969 542 Archi-Episcopus,
997 443 1211 541 Episcopus,
1229 441 1402 533 Abbates,

207 548 450 643 Praepositos,
479 542 692 635 canonicos,
732 547 935 641 eisdemque
970 547 1075 642 plena
1111 568 1190 618 cum
1223 552 1402 638 potestate

207 647 419 742 homonyma
446 645 696 718 Beneficia
722 648 1105 733 Ecclesiastico,
1145 668 1235 743 quae
1265 645 1308 717 ab
1337 645 1404 716 bae

207 752 308 844 regia
335 748 620 822 denominatione
639 749 813 822 interdum
833 752 939 822 etiam
956 748 1149 842 rogalia
1180 746 1402 842 compellan—
1451 825 1454 829 ,

207 862 276 939 tur,
294 849 380 937 dat,
400 848 485 920 don
498 859 554 939 at,
576 870 618 920 ac
637 849 878 944 confert*).
898 851 1041 923 ldemiu
1059 849 1346 923 translationibus
1358 848 1402 919 de

208 975 279 1025 uuo
296 949 470 1023 beneficio
490 953 526 1022 in
545 950 639 1022 aliud
658 951 804 1042 obtinet,
824 973 910 1046 quas
922 952 1123 1046 Hungariae
1141 949 1404 1046 Reges-nc-

210 1055 356 1142 clesiae,
395 1060 431 1123 et
457 1052 686 1147 Reipublicae
715 1053 899 1125 commodo
925 1054 961 1124 id
985 1063 1205 1150 exposcente
1231 1092 1283 1103 —
1310 1053 1404 1123 omni

210 1166 370 1252 ternpore
388 1155 624 1225 instituerunt.
670 1154 804 1240 Quodsi
836 1154 1001 1236 nonnulla
1028 1177 1093 1249 per
1117 1156 1306 1229 Antistites
1332 1155 1403 1224 ali-

206 1257 346 1354 quando
371 1256 499 1328 collata
518 1255 630 1328 fuisse
655 1259 933 1347 reminiscimur,
971 1256 1147 1328 ideis-
1173 1266 1212 1328 ut
1230 1254 1404 1327 formulae

206 1360 432 1432 collationum
451 1360 616 1429 continuo
637 1357 812 1430 adhibitae
831 1360 1002 1456 explicite
1020 1358 1209 1432 ostendunt
1239 1351 1269 1458 ⁸)
1287 1385 1338 1410 —
1357 1379 1404 1427 ex

209 1463 419 1533 auctoritate
442 1458 621 1548 duntaxat,
651 1459 717 1531 sibi
743 1483 762 1531 a
790 1459 1011 1555 Principibus
1037 1460 1308 1546 communicata,
1342 1458 1404 1529 fa-

207 1585 291 1636 cere
311 1569 388 1633 erat
408 1563 593 1652 integrum.
639 1560 936 1646 Quemadmodum
953 1560 1039 1651 Ejus
1057 1562 1199 1633 nonnisi
1213 1580 1403 1655 expresso,

207 1675 267 1737 aut
300 1666 406 1732 tacito
444 1680 594 1732 assensu
639 1659 787 1733 fundare
818 1664 969 1756 analoga
998 1661 1197 1752 hujusmodi
1231 1659 1404 1732 beneficia

206 1763 372 1852 Praelati,
399 1770 459 1832 aut
476 1765 637 1855 privatae
656 1760 807 1834 familiae
834 1770 997 1859 possunt,
1025 1772 1175 1858 actuque
1200 1762 1403 1850 nonnullae,

208 1866 252 1938 ab
289 1863 577 1938 antecessoribus
616 1866 669 1934 sio
704 1864 869 1953 lundata,
913 1868 1091 1960 personis
1121 1865 1260 1938 idoneis
1299 1865 1404 1935 attri-

207 1967 317 2041 buunt
334 1963 410 2057 ⁴⁸).
449 1964 585 2050 Quanta
613 1975 728 2037 autem
758 1965 955 2060 religione,
996 1976 1033 2039 et
1067 1969 1189 2061 rigore
1220 1973 1404 2058 utramque

205 2067 296 2143 hanc
317 2067 455 2162 Regum
478 2089 620 2139 suornm
644 2079 858 2163 potestatem
876 2067 1047 2141 inviolate
1066 2077 1312 2142 conservatam
1330 2088 1405 2139 vo-.

208 2173 340 2246 luerint
356 2169 589 2262 Regnioolae,
618 2180 779 2244 caeteras
797 2173 889 2242 inter
907 2191 1115 2244 numerosas
1134 2172 1404 2242 constitutiones

206 2274 311 2348 binae
336 2271 531 2361 Uladislao,
559 2280 596 2342 et
612 2271 793 2347 Ludovioo
813 2265 855 2344 ΙΙ.
884 2272 1115 2365 regnantibus
1145 2269 1310 2344 conditae
1336 2291 1403 2364 pro

209 2377 413 2451 testimonio
436 2382 528 2447 sunt.
555 2368 641 2462 m)

251 2545 291 2630 l)
314 2542 414 2606 Stilus
447 2541 479 2604 in
512 2539 676 2604 collatione
718 2540 858 2604 beneficii
891 2540 1006 2604 similis
1039 2539 1175 2604 usitatus
1212 2540 1259 2605 sic
1292 2545 1401 2604 sonat:

294 2627 508 2708 „auctoritate
530 2626 620 2688 duris
642 2627 830 2691 Patronatus
853 2629 954 2691 nostri
976 2627 1072 2709 regii,
1096 2629 1178 2706 quod
1200 2626 1232 2688 iu
1256 2626 1402 2688 omnibus

294 2713 416 2793 „Regni
438 2712 541 2774 nostri
562 2712 759 2794 Bargusios,
781 2714 982 2793 Partlumque
1006 2710 1217 2795 subjectarum
1240 2710 1403 2785 Ecclesiis,

295 2808 347 2877 „et
371 2796 526 2859 beneficiis
551 2817 636 2859 more
666 2800 809 2862 divorum
840 2801 969 2861 condam
1000 2798 1182 2878 Hungariao
1212 2798 1350 2878 Regum,
1373 2805 1403 2859 et

294 2881 457 2963 „exemplo
471 2882 750 2946 Praadeoessorum
774 2893 954 2946 nostrorum
977 2883 1079 2946 felicis
1099 2884 1266 2946 memoriae
1282 2882 1401 2965 optimo

294 2966 386 3052 „juro
410 2967 576 3045 babemus,
598 2968 692 3032 simul
714 2988 784 3031 cum
807 2970 953 3033 omnibus
976 2969 1105 3046 castris,
1127 2970 1318 3046 civitatibus,
1339 2988 1404 3047 op-

293 3054 410 3136 „pidia
434 3053 536 3130 villis,
559 3055 833 3135 possessionibus,
857 3055 1007 3136 praediis,
1029 3073 1065 3115 ac
1086 3053 1159 3116 aliis
1182 3055 1303 3118 cunctis
1327 3073 1402 3134 per-

294 3140 469 3221 „tineutiis,
491 3147 521 3201 et
543 3141 706 3219 quibusvis
730 3141 1004 3221 possessionariis,
1028 3140 1143 3217 ubivis,
1166 3149 1196 3203 et
1217 3142 1250 3203 in
1269 3141 1403 3221 quibus-

294 3245 435 3306 „cuuque
469 3222 609 3307 ejusdem
643 3227 742 3308 Regni
776 3229 876 3290 nostri
909 3226 1108 3306 Hungariae,
1149 3235 1179 3288 et
1207 3228 1343 3307 partium
1375 3225 1404 3287 ei

294 3308 526 3392 „subjectarum
551 3309 758 3374 comitatibus
781 3313 906 3389 habitis,
929 3318 960 3373 et
982 3311 1187 3373 existentibus
1211 3314 1248 3374 ad
1273 3330 1402 3392 eumque
1458 3313 1460 3318 ’

293 3395 535 3475 „Episcopatum
558 3397 597 3460 N.
622 3399 852 3478 spectantibus,
883 3406 912 3459 et
935 3395 1091 3476 pertinere
1114 3397 1319 3476 debentibus,
1342 3416 1402 3479 pa-

294 3482 394 3562 „riter
415 3501 483 3544 cum
507 3483 650 3546 omnibus
674 3481 812 3567 ejusdem
829 3483 974 3558 duribus,
997 3481 1206 3562 libertatibus,
1229 3502 1405 3565 praeroga·
1436 3485 1439 3490 '

297 3567 414 3647 ,‚tivis,
447 3576 477 3629 et
500 3567 573 3629 aliis
602 3570 833 3647 quibuscunque
866 3567 1098 3645 emolumentis,
1132 3569 1244 3648 quovis
1266 3569 1403 3630 nominis

294 3652 465 3731 „vocabulo
496 3654 658 3731 vocitatis,
679 3655 787 3716 Eidem
817 3651 856 3715 N.
879 3653 919 3716 N.
942 3655 1096 3731 dandum,
1128 3663 1158 3717 et
1180 3654 1400 3716 conferendum

240 3757 253 3786 a
294 3738 462 3818 „duximus
484 3771 525 3782 —
549 3773 589 3784 —
614 3771 655 3784 -
677 3740 739 3802 imo
763 3740 890 3818 damus,
922 3747 952 3800 et
974 3737 1165 3802 coulerimus
1189 3736 1399 3820 praesentium

296 3843 374 3905 „per
397 3826 556 3884 tenorem“
579 3833 636 3888 etc.

230 3957 288 4045 Ἠ*)
312 3953 503 4018 Nominatim
526 3953 647 4016 confert
667 3952 798 4016 Familia
819 3952 1011 4034 llrdddyana
1032 3949 1196 4014 Abbatianr
1217 3948 1403 4013 Osatdrien-

226 4110 229 4116 ·
292 4036 1403 4208 tt,tistitutttt‘tittttlitteus-stitit:

209 4273 417 4291 μ

238 4339 264 4407 1ν)
282 4343 343 4395 vid.
364 4355 398 4394 ox
417 4341 494 4396 mult.
512 4343 621 4404 formul,
639 4342 720 4396 simil.
738 4343 808 4410 apud
825 4338 936 4407 utteris
954 4339 1041 4400 cono.
1057 4343 1148 4410 Rure.
1164 4342 1195 4398 Ρ.
1212 4343 1247 4400 ΙΙ.
1264 4356 1290 4409 p.
1307 4343 1333 4396 2.
