3094 4868
1248 237 1333 317 '205

223 401 402 486 resignare,
441 403 636 486 strigonium
669 408 707 468 ad
738 403 863 468 vescum
896 401 1062 471 Michaelis
1095 405 1333 487 submittendas,

223 493 312 554 docet
335 489 521 570 colomanni
542 492 707 556 Decretum
723 491 769 576 ¹).
796 563 798 565 ,
1404 501 1410 510 ’

158 597 219 685 aa)
247 601 388 673 Quatuor
418 602 476 662 sub
502 601 645 676 initium,
679 621 751 662 mox
781 592 918 681 septem,
948 609 1106 679 postremo
1133 599 1199 684 jam
1231 603 1333 666 decern

220 686 392 747 Ilistrlotus
416 685 534 748 similes
559 685 677 748 definiti
700 695 783 764 sunt,
807 706 864 766 pro
888 684 1007 748 ratione
1031 687 1333 768 auctaepopulatio-

221 773 283 848 nie,
302 766 499 852 majorisque
522 772 732 844 extensionis,
756 790 828 834 nam
851 779 880 832 et
902 791 960 851 per
982 771 1131 834 [lanatum
1147 773 1332 835 Temesien-

223 872 287 918 sem
305 862 375 916 'tres
400 856 586 934 Comitatus,
613 865 677 918 tum
700 858 816 936 oppida
839 857 1068 936 Scepusiensia,
1083 867 1112 918 ot
1135 858 1330 938 Sclaveniaa,

224 961 259 1003 ac
283 937 458 1004 Comitatus
482 943 658 1004 Baesicnsis
681 942 834 1005 notabiles
858 942 967 1024 plagae
990 953 1201 1009 accesserunt.
1312 985 1317 998 ι

658 1133 694 1218 ὅ.
723 1132 810 1204 673.

531 1279 690 1374 Agenda
718 1300 815 1371 quae
841 1285 941 1350 sent?

240 1427 369 1502 lisdem
397 1425 576 1517 comitiis,
624 1428 749 1523 quihus
776 1425 1080 1502 commissariatus
1107 1427 1165 1499 hie
1192 1437 1333 1504 erectus

138 1543 235 1622 erat,
273 1532 540 1602 instructionem
570 1552 710 1624 quoque
742 1551 806 1624 pro
838 1529 964 1600 eodem
1004 1527 1188 1602 elaborare
1219 1533 1334 1602 visum

138 1633 217 1722 fuit,
245 1632 393 1705 subinde
422 1637 522 1725 regia
559 1635 768 1703 auctoritate
804 1629 1053 1702 confirmatam.
1097 1631 1264 1704 Extendit
1293 1652 1333 1704 se
1397 1673 1398 1678 ,

137 1738 204 1808 ista
223 1734 249 1804 l.
277 1734 334 1806 Ad
362 1756 480 1805 curam
499 1755 542 1804 eo
561 1731 841 1828 impendendam,
879 1741 916 1802 nt
949 1753 1039 1826 quao
1073 1736 1166 1804 circa
1187 1731 1334 1804 Contri-

136 1835 316 1918 bulionem
334 1835 441 1928 legali
459 1836 563 1907 modo
589 1837 885 1930 praestituuntur,
914 1832 1053 1904 effectui
1079 1837 1333 1930 mancipentur,

140 1947 260 2031 quotta
280 1939 398 2028 itaque
407 1935 553 2007 Militiae
574 1936 783 2022 obveniens,
803 1938 883 2021 rite,
902 1956 944 2004 ae
961 1937 998 2002 in
1017 1943 1176 2028 ternpore
1195 1936 1353 2031 depens

139 2039 250 2110 datur.
279 2036 321 2109 ΙΙ.
350 2036 408 2107 Ad
433 2046 589 2131 systema
607 2034 778 2122 militiae,
811 2037 901 2105 intra
935 2034 1052 2126 Regni
1069 2035 1334 2110 limites'dislo-

139 2140 285 2228 candoe,
314 2159 507 2233 exaequo,
536 2147 571 2207 et
598 2136 748 2233 provida
777 2157 854 2206 eum
873 2138 1188 2230 circumspectione
1207 2138 1333 2212 elucu-

138 2241 318 2315 brandum.
346 2239 406 2310 III.
434 2240 493 2311 Ad
510 2239 740 2333 vigilantiam,
768 2259 836 2330 quo
855 2236 999 2308 militiae
1027 2246 1098 2310 tam
1125 2241 1161 2310 in
1179 2244 1331 2334 stativis,

140 2366 242 2440 quam
259 2365 325 2438 per
342 2340 505 2435 Regnum
534 2344 730 2413 transeunti
748 2342 966 2426 intertentio,
995 2347 1031 2410 et
1048 2344 1217 2416 vecturae
1241 2365 1332 2439 pro-

136 2445 323 2534 vinciales,
351 2439 766 2539 apraejungendo,
790 2442 1233 2536 praejuneturarum
1260 2470 1332 2521 nu-

137 2551 230 2618 mine
247 2549 448 2634 venientes,
476 2544 668 2618 secundum
685 2543 963 2636 regulamentum
991 2544 1140 2617 militare
1160 2548 1331 2622 submini-

138 2658 294 2722 strentur
311 2649 398 2718 inito
428 2668 534 2741 super
563 2649 697 2717 cunetis
725 2649 803 2718 istis
843 2667 920 2716 oum
947 2644 1209 2738 Magistratibus
1239 2653 1332 2724 civi-

136 2748 241 2838 libus,
269 2749 533 2821 comilitonibus
553 2755 728 2842 computu,
756 2755 863 2840 utque
882 2751 918 2819 in
947 2747 1134 2840 alimentis,
1160 2755 1331 2842 vecturis,

138 2861 242 2944 atque
263 2872 346 2922 aere
374 2859 496 2946 parato
528 2863 550 2922 a¹
568 2847 877 2924 Contribuentihus
906 2849 1188 2944 praestabuntur,
1215 2854 1331 2926 debite

136 2955 370 3046 imputentur,
414 2952 675 3047 praepediendo
705 2951 926 3042 omnimode,
962 2972 1007 3023 ne
1043 2955 1176 3044 injusta.
1209 2979 1331 3045 onera,

138 3054 416 3144 exactionesque
443 3051 646 3146 subrepant,
681 3073 726 3122 ne
745 3050 898 3144 Populus
933 3063 1076 3144 praeter
1099 3055 1194 3127 luris
1219 3080 1330 3151 prae-

137 3157 305 3248 scriptum
324 3152 368 3221 ad
387 3156 648 3246 praestationes
667 3150 847 3223 iaciendas
868 3150 1046 3242 adigatur,
1077 3168 1180 3250 atque
1199 3167 1236 3227 ut
1253 3160 1329 3229 liti·
1429 3165 1431 3169 ’

135 3254 214 3343 hus,
244 3277 286 3324 ac
301 3256 442 3345 jurgiis,
463 3257 493 3326 si
512 3276 601 3349 quae
620 3252 749 3324 milites
765 3253 868 3340 inter,
896 3275 937 3322 ac
954 3257 1195 3346 provinciales
1213 3259 1330 3330 locum

138 3366 320 3449 caperent,
350 3358 385 3425 in
408 3353 568 3449 ternpore
587 3353 665 3428 linis
684 3356 896 3449 imponatur,
925 3375 994 3448 quo
1015 3374 1087 3432 non
1106 3359 1331 3451 succedente,

139 3457 244 3530 altior
263 3457 455 3530 auctoritas
485 3455 624 3527 decidit.

662 3663 698 3751 §.
719 3665 804 3739 674.

444 3811 449 3832 ’
557 3811 734 3884 Inctr'tutu
759 3812 916 3911 reliqua.
992 3805 994 3812 ’

239 3983 320 4056 Νοη
337 3985 451 4058 minus
479 3981 624 4056 aderant
653 3979 696 4052 ad
714 3985 858 4076 negotia
879 3983 1143 4077 ecelesiastica,
1174 3999 1278 4084 prout
1295 4001 1332 4065 et

136 4088 269 4181 piarum
298 4085 554 4158 Fundationum
582 4085 748 4179 politica,
777 4094 813 4154 et
842 4090 1092 4176 oeconomica3
1121 4090 1164 4160 ad
1192 4091 1332 4182 objecta
1365 4147 1368 4153 i

137 4188 367 4276 educationis,
385 4190 683 4280 institutionisque
701 4184 893 4258 litterariae
915 4188 1144 4282 enucleanda,
1166 4214 1207 4264 ae
1220 4189 1330 4289 prae·

135 4328 346 4344 ,ιιι-1....-

165 4399 192 4466 ¹)
211 4402 242 4458 Isi
261 4403 286 4456 1.
305 4402 335 4455 0.
351 4401 395 4457 79.
