3142 4862
182 231 234 304 38

268 397 421 476 „insuper
437 391 557 456 idelem
569 391 922 475 nostrumblagniieum
938 391 1155 472 Georgium
1170 386 1268 453 dlium
1280 385 1379 466 Vuk,

248 481 348 559 „ilii
364 479 479 556 liranis,
501 486 642 559 nepotem
660 486 768 558 utpote
795 497 907 555 suum,
930 478 961 539 ln
983 487 1114 554 coetum,
1137 486 1166 540 et
1184 473 1379 538 consortium

268 569 444 646 „dictorum
472 563 629 627 Beronum
653 562 793 647 ejusdem
817 564 918 645 Regni
936 565 1038 626 nostri
1061 563 1244 646 Hangariae
1263 579 1380 642 aggre-

269 653 371 735 „gari,
390 651 523 714 instanti
543 671 635 731 prece
654 670 672 711 a
691 659 801 712 nostro
815 649 951 712 obtinuit
970 647 1148 732 Majestate‚
1175 665 1234 728 pro
1251 666 1289 708 eo
1310 647 1379 708 Nos
1413 713 1416 718 ,

269 773 334 818 „-
347 773 388 784 -
404 744 446 782 ³-
460 735 600 798 volentes
619 756 656 799 en
671 735 825 816 singulari
846 733 1025 819 Majestatis
1044 743 1170 796 nostrae
1187 733 1379 796 benevolen-

269 826 336 901 „tia
357 823 456 885 eidem
479 822 635 902 Stephano
659 822 801 901 Despoto
824 822 857 883 in
881 821 952 900 ipso
971 821 1080 902 Regno
1106 820 1239 882 Raeciae
1260 819 1297 880 de
1320 837 1379 881 suo

270 909 443 990 ‚,anngvine
471 906 573 970 faeere
593 927 823 986 successorem,
847 909 950 969 animo
975 905 1165 981 deliberato,
1187 913 1218 968 et
1235 924 1273 967 ex
1295 913 1380 967 certa

270 992 474 1078 „lllajestatis
505 1002 632 1055 nostrae
666 994 819 1070 scientio,
849 993 1146 1072 Praelatorumque,
1170 999 1200 1053 et
1227 991 1384 1054 Beronum

272 1090 475 1160 „nostrorum
506 1082 544 1156 ad
567 1080 600 1142 id
623 1081 784 1142 accedente
808 1078 942 1142 consilio
974 1086 1183 1160 praematuro.
1205 1075 1383 1139 Eundem

273 1166 520 1245 „Georgium
543 1165 683 1228 lilium
705 1165 808 1242 Vols,
831 1174 869 1227 et
892 1183 989 1227 suos
1013 1163 1218 1226 masculos
1241 1163 1383 1225 baere-

273 1255 372 1329 „des
403 1251 641 1331 legitimos,
672 1271 745 1332 per
774 1269 857 1313 eum
880 1258 1166 1330 procreatos,
1196 1247 1261 1310 vel
1283 1267 1382 1328 pro-

272 1336 548 1416 „creandosad
573 1337 720 1399 dictum
742 1337 911 1415 Regnum
933 1335 1109 1397 Rosciae
1129 1336 1167 1395 in
1188 1352 1324 1410 veros,
1343 1343 1384 1395 et

274 1419 1382 1504 „legitimosejusdemStephaniDespotiinstitnimus

273 1525 603 1586 ‚,suceessores,
634 1514 672 1569 et
695 1507 983 1587 praefecimus
1011 1507 1052 1569 in
1084 1505 1282 1570 heoredes
1303 1508 1383 1570 ete.“

727 1640 765 1726 ὅ.
797 1643 854 1714 19.

687 1765 886 1859 Bulpore‘a.

289 1891 446 1986 Bulgari,
474 1889 614 1984 Volgae
633 1890 808 1985 quondam
834 1891 1004 1981 neoniae,
1032 1901 1069 1965 et
1093 1891 1136 1965 ab
1154 1891 1225 1966 hoe
1241 1890 1384 1966 llumine

188 2017 319 2069 nomen
347 1993 476 2082 sortiti,
495 1993 630 2087 amplos
649 1993 835 2087 aliquande
863 2004 1036 2066 terrarum
1062 2005 1195 2068 tractus
1213 1993 1385 2090 posside-

187 2099 292 2185 bant,
310 2096 476 2191 Bulgaria
496 2104 626 2184 tamen,
645 2106 683 2166 ut
701 2096 760 2166 illa
779 2095 844 2168 sub
862 2096 1064 2189 Hungariae
1095 2096 1295 2168 clientelam
1312 2119 1385 2190 pe-

188 2209 265 2273 stea
282 2209 447 2288 venerat,
475 2198 635 2284 Timaeo,
660 2196 768 2284 Istro,
797 2196 1009 2292 Euxineque
1037 2201 1269 2294 intercipitur.
1297 2196 1384 2290 Ejus

187 2313 325 2398 partem
343 2300 423 2388 sibi,
442 2295 676 2392 coronaeque
696 2318 782 2369 suae
801 2296 924 2370 Belam
943 2298 1030 2370 llIum
1046 2301 1275 2396 adseruisse,
1304 2300 1386 2371 eol-

188 2405 309 2494 ligitur
328 2424 348 2472 e
367 2397 516 2494 quadam
534 2399 686 2493 epistola
705 2396 879 2472 inocentii
897 2398 957 2471 ΙΙΙ.
978 2402 1023 2473 ad
1033 2402 1171 2496 Regem
1188 2401 1387 2474 Emerieum

188 2503 339 2592 reddita,
358 2506 394 2574 in
413 2523 481 2595 qua
508 2509 544 2572 et
573 2500 795 2594 querelarum
826 2500 908 2574 huie
926 2524 1004 2574 eum
1021 2502 1042 2573 J
1052 2507 1276 2576 oannicio
1295 2503 1387 2576 Bul-

188 2624 354 2698 garorum
365 2604 533 2690 Domino,
552 2599 596 2671 de
616 2600 763 2675 ademtis
782 2605 935 2676 invicem
954 2609 1058 2678 terris
1078 2605 1386 2696 intercedentium,

190 2716 226 2778 et
245 2706 351 2794 dotis,
370 2726 436 2801 per
455 2702 605 2776 eundem
622 2702 783 2775 Belem
810 2703 903 2777 filiae
923 2727 1010 2780 suae
1030 2705 1246 2779 Graecorum
1263 2707 1387 2802 Impe-

187 2809 379 2895 ratriei,ex
395 2805 462 2877 hae
479 2805 584 2901 plaga
604 2803 767 2894 collatae,
778 2805 945 2878 Pontifex
963 2810 1178 2881 mentionem
1196 2811 1309 2900 injicit
1340 2812 1385 2900 ¹).

129 2934 136 2948 ²
187 2906 359 2982 Utebntur
397 2911 502 2980 etiam
542 2905 725 2978 Emerieus
762 2906 873 3000 Regis
907 2907 1096 3002 Bulgariae
1123 2909 1223 2982 titulo
1253 2909 1313 3001 ¹’];
1341 2934 1387 2982 an

188 3031 278 3082 vero
297 3011 412 3082 inanis
429 3014 519 3082 iste:
539 3017 654 3080 utrum
671 3011 853 3103 potestati,
872 3017 908 3080 et
927 3011 1021 3105 quali
1040 3014 1248 3103 conjunctus
1268 3022 1388 3085 sotum

190 3111 325 3184 fueriti
352 3109 444 3183 haud
463 3114 549 3182 satis
568 3110 690 3203 liquet.
719 3108 804 3179 dura
829 3113 933 3198 enim,
951 3115 987 3182 in
1005 3112 1139 3184 hancce
1167 3117 1387 3207 provinciam

191 3216 364 3302 exercita,
383 3215 526 3285 nonnisi
545 3219 662 3281 aetate
681 3209 851 3303 Stephani
863 3211 906 3283 V.
927 3216 985 3305 qui
1005 3233 1045 3284 se
1059 3215 1132 3303 jam
1149 3213 1286 3306 Regem
1295 3213 1388 3284 Bul-

188 3318 311 3408 gariae
332 3315 557 3384 continenter
575 3309 788 3399 nominabat,
807 3310 984 3384 luculenta
1004 3314 1170 3404 evadunt,
1190 3315 1295 3408 idque
1315 3337 1388 3387 non

189 3416 317 3486 coaevi
329 3413 498 3485 Auctoris
517 3419 650 3484 tanturn
665 3411 695 3500 ⁰)
716 3415 1047 3508 atquereliqucrum
1056 3412 1321 3487 Chronistarurn
1351 3412 1386 3506 ¹¹)

186 3517 426 3605 testimoniis,
454 3535 578 3587 verum
607 3515 719 3605 magis
749 3511 862 3586 adhuc
888 3537 910 3587 e
935 3516 1151 3610 superallato
1181 3517 1242 3588 illo
1273 3519 1389 3611 pacis,

188 3641 264 3691 oum
285 3618 454 3690 Ottoearo
473 3619 595 3705 initae,
614 3615 866 3704 Instrumenta,
894 3637 963 3710 quo
984 3619 1136 3688 caeteris
1157 3617 1293 3709 Regnis
1313 3621 1389 3689 suis

187 3718 387 3812 Stephanus
397 3717 597 3808 Bulgariam
616 3720 820 3788 nominatim
838 3715 1006 3808 adjungit.
1029 3719 1130 3807 (18).
1158 3718 1389 3789 labefactata

188 3819 329 3914 quidem
356 3815 446 3886 haee
481 3818 560 3904 iura
598 3826 803 3912 comparent
836 3816 1049 3888 calamitosis
1084 3819 1129 3888 iis
1155 3819 1387 3914 temporibus,

189 3941 279 4012 quae
297 3919 446 4014 patriam
464 3915 529 3987 sub
548 3914 711 3990 Ladislao
731 3917 812 4016 lv,
840 3937 881 3986 ae
910 3916 1002 3988 bene
1022 3917 1080 3988 diu
1097 3928 1223 4012 pastea
1243 3919 1388 4012 afflige-

190 4082 244 4150 ‚·)
264 4086 315 4149 Ap.
331 4085 427 4136 Baius.
445 4099 487 4152 op.
508 4091 536 4138 et
553 4085 606 4140 loe.
625 4087 670 4139 eit
698 4088 776 4140 (loni.
802 4089 872 4152 stay
891 4087 988 4139 Annei.
1017 4088 1049 4140 Τ.
1069 4091 1092 4140 1.
1110 4102 1135 4153 p.
1155 4089 1215 4141 189.
1234 4098 1262 4143 et
1281 4089 1390 4143 Katane

264 4155 337 4205 illst.
357 4155 417 4207 erit.
437 4157 468 4210 Τ.
485 4153 510 4207 4.
530 4171 553 4220 p.
573 4157 634 4208 721.
655 4162 759 4223 etseq.

218 4217 245 4281 ¹'l
266 4226 317 4288 Ap.
337 4225 447 4276 sonnio
467 4224 494 4274 in
512 4226 599 4291 Epist.
619 4227 746 4292 Agriane.
765 4227 794 4279 P.
813 4227 832 4276 l.
851 4238 876 4288 p.
894 4223 953 4274 109.

218 4291 243 4345 et
262 4294 355 4344 Simon
375 4296 409 4344 de
428 4290 503 4346 lidos
521 4309 546 4360 p.
566 4297 616 4348 10³

218 4363 245 4429 d)
264 4361 363 4416 chron.
381 4365 516 4424 Taureos.
535 4365 564 4418 0.
582 4363 625 4422 71.
645 4370 673 4419 et
694 4363 737 4418 76.
