3110 4882
202 201 280 310 aaa

202 369 458 468 praescriptam
476 364 626 440 tonnam
652 366 768 462 Regi,
796 368 893 462 legi,
920 375 963 440 et·
983 386 1087 462 quem
1107 365 1248 456 adeunt,
1277 361 1408 440 Comi-

201 475 288 546 tatui
309 489 428 544 eoram
454 470 558 560 hujus
588 471 830 544 Universitate
856 471 970 567 palam
999 477 1183 563 praestare
1212 471 1248 538 in
1267 490 1406 543 morem

204 574 296 648 abiit.
328 569 461 646 Cuncta
479 570 569 643 haec
586 574 709 646 valent
729 578 857 661 etiam,
886 576 916 645 si
947 571 1139 666 Supremus
1160 569 1290 644 Comes
1309 571 1406 642 hae-

205 678 396 750 reditarius
427 676 496 763 sit,
523 673 582 744 ubi
609 683 724 746 autem
744 675 832 746 ordo
861 678 1031 747 minorem
1049 683 1165 744 aetate
1192 677 1408 768 respiceret,

203 780 315 873 Regis
346 784 401 848 est
419 776 524 864 buia,
551 785 656 871 prout
681 787 717 847 et
741 779 843 849 alteri
861 800 926 870 per
952 778 1214 871 provectiorem
1241 784 1409 864 aetatem,

200 880 472 966 valetudinem,
499 879 560 951 vel
579 878 656 951 aliis
676 901 696 948 e
721 879 916 951 rationibus
945 878 1111 972 impedito
1130 878 1320 966 Vicarium,
1340 899 1410 950 seu

200 984 535 1057 Administratorem
565 979 793 1052 substituere.
834 978 1021 1053 Caeterum
1051 980 1203 1051 officium
1239 980 1409 1076 Supremi

204 1083 350 1159 Comitis
370 1085 444 1156 vita
464 1082 610 1153 durante
628 1080 731 1174 lieet,
748 1085 912 1156 continua
930 1085 1203 1178 praeteritorum
1222 1085 1406 1170 memoria,

201 1195 410 1284 perpetuum
428 1181 483 1276 l),
506 1193 622 1255 tamen
639 1183 689 1255 nil
717 1185 873 1282 impedit,
897 1189 979 1279 quin
1000 1187 1030 1256 is
1049 1193 1197 1283 propter
1217 1205 1409 1256 excessum

202 1293 419 1385 graviorem,
438 1288 538 1378 cujus
558 1289 715 1379 cognitio
736 1287 779 1360 ad
797 1287 932 1382 Regem
950 1291 1126 1382 pertinet,
1151 1286 1193 1358 ab
1212 1286 1273 1358 illc
1295 1308 1401 1357 amo-

200 1396 283 1468 veri
301 1397 407 1486 queat
437 1388 481 1479 ·).

244 1537 285 1623 *J
309 1537 479 1600 Emanasae
515 1535 706 1599 collationes
739 1535 855 1617 Regias
885 1533 1017 1622 hujusce
1049 1532 1211 1616 dignitatis
1245 1533 1283 1594 ad
1305 1533 1404 1615 Regis

290 1625 438 1685 duntaxat
467 1623 691 1704 beneplacitum
722 1623 902 1699 restrictae,
945 1621 1125 1683 nominatim
1155 1619 1344 1682 Fordinundi
1365 1621 1405 1696 1.‚

287 1729 416 1789 quarum
451 1708 549 1769 altera
584 1706 721 1788 Georgio
754 1709 908 1789 Drdgffy,
951 1709 1049 1768 altera
1083 1706 1218 1788 Georgio
1253 1707 1404 1787 Bttbory,

285 1804 416 1874 utraque
440 1795 476 1854 de
501 1791 709 1856 comitatibus
741 1794 907 1854 mediocris
937 1793 1077 1870 Zolnok,
1101 1802 1130 1854 et
1155 1793 1276 1855 (iudana
1300 1801 1403 1868 sonat,

285 1880 386 1943 libros
409 1881 534 1962 regioS,
565 1898 696 1959 quorum
717 1877 782 1963 jam
807 1879 1024 1958 meminimus,
1058 1879 1238 1960 inspicienti
1261 1877 1402 1960 patulum

286 1965 338 2045 tlt,
363 1967 444 2051 quod
467 1966 500 2029 in
523 1965 716 2049 pertransitu
740 1973 868 2028 annoto.

632 2109 637 2122 ’
723 2156 759 2242 o.
789 2157 874 2230 aaa.

489 2263 498 2282 .
586 2306 649 2383 Ad
671 2313 828 2402 negotiu
851 2306 1022 2400 politica.

302 2455 482 2543 Quaenam
502 2453 603 2528 dotes
622 2457 659 2527 in
686 2454 902 2527 conferenda
922 2453 988 2524 bac
1008 2452 1178 2546 dignitate
1196 2454 1402 2548 respicien-

198 2561 264 2633 dae
294 2561 385 2644 sint,
424 2557 506 2629 alibi
532 2561 682 2630 recitavi
713 2559 842 2648 (510).
872 2559 995 2629 Partes
1032 2576 1120 2627 vero
1151 2553 1253 2647 hujus
1282 2558 1402 2629 eximii

197 2663 353 2734 muneris
371 2663 504 2750 varias,
525 2683 567 2730 ac
585 2659 796 2755 multiplices
814 2659 1015 2752 singillatim
1030 2655 1198 2728 describit
1214 2661 1400 2732 instructio

196 2763 335 2855 legibus
355 2764 473 2832 innixa
505 2759 562 2850 ¹³),
592 2784 693 2856 quam
723 2762 802 2831 dum
829 2759 1017 2856 expendo,
1045 2758 1151 2832 video
1170 2759 1300 2831 nullam
1320 2782 1402 2832 esse

195 2861 451 2960 propemodum
499 2861 811 2932 administrationis
858 2861 1019 2957 publicae
1064 2873 1221 2956 partem,
1266 2863 1400 2957 inqua

196 2963 448 3058 Supremorum
469 2957 647 3032 Comitum
667 2968 879 3052 auctoritas,
910 2973 945 3034 et
962 2961 1146 3056 vigilantia
1170 2968 1310 3037 versari
1329 2987 1402 3038 non

201 3065 350 3152 debeat,
372 3073 494 3157 utpote
514 3069 572 3157 qui
589 3103 642 3116 —-
660 3066 753 3159 quod
771 3066 832 3137 lex
852 3066 983 3137 diserte
1004 3069 1168 3159 exprimit
1199 3059 1228 3166 ⁰)
1246 3104 1298 3118 ···
1315 3075 1401 3138 tam

194 3167 533 3265 politicorum,
563 3188 613 3235 ac
639 3167 965 3261 publicorum,
994 3189 1123 3259 quam
1160 3172 1300 3239 etiam
1323 3169 1399 3260 ju-

195 3273 367 3342 stitiae
407 3266 861 3341 administrationis
899 3291 1053 3339 curam
1091 3268 1185 3340 sibi
1212 3272 1397 3364 princi-

136 3391 145 3464 f
194 3373 380 3467 paliter
411 3371 705 3466 commissam
733 3370 919 3441 habent.
948 3368 1110 3441 Resultat
1131 3371 1399 3468 indepraepri-

193 3477 259 3544 mis
289 3467 457 3562 obligatio
495 3467 634 3562 legum,
670 3481 706 3542 et
743 3472 905 3543 altiorum
943 3473 1108 3544 Ordinum
1139 3473 1299 3562 ellectui3
1327 3483 1397 3544 tum

192 3572 368 3670 publicae,
399 3593 441 3640 ac
465 3573 627 3666 privatae
655 3574 917 3669 tranquillitati,
954 3575 1087 3645 tutelae
1111 3577 1164 3646 rei
1194 3574 1398 3671 pupillaris,

194 3674 462 3749 conservationi
472 3675 622 3763 viarum,
634 3680 805 3770 pontium,
819 3676 955 3748 aedium
973 3675 1212 3770 publicarum;
1229 3687 1335 3771 atque
1348 3715 1400 3730 --

193 3800 239 3849 ne
259 3777 388 3867 longus
409 3777 593 3847 sim-iis
614 3777 773 3848 omnibus
794 3799 876 3850 esse
894 3781 1077 3868 intentum,
1090 3800 1180 3876 quae
1196 3781 1289 3849 circa
1305 3778 1399 3850 hanc

192 3877 372 3971 gerendae
399 3874 629 3969 Reipublicae
661 3883 817 3973 speciem
849 3877 1099 3970 Comitatibus,
1129 3879 1252 3974 quibus
1286 3877 1400 3976 prae-

194 3988 288 4069 sunt,
316 3975 538 4071 exequenda,
566 3980 813 4074 servandaque
833 3985 868 4053 in
888 3985 1081 4076 continenti
1101 3983 1264 4077 exposui.

184 4125 393 4140 *-

223 4185 250 4248 Ι)
269 4187 346 4239 1536.
365 4187 504 4242 ³6.1r³s.
524 4190 567 4241 37.
585 4185 609 4252 d.
629 4190 679 4241 ult.
698 4197 725 4242 et
744 4193 823 4244 1723.
846 4190 891 4244 56.
910 4190 933 4256 d.
953 4197 977 4245 1.

222 4270 251 4424 :p
268 4275 458 4414 Ἐξηκόῗδῦ.
478 4275 531 4329 vlt.
551 4272 600 4328 Bel
619 4282 674 4330 not.
695 4292 752 4336 rer.
768 4280 859 4347 flung.
879 4279 909 4331 Τ.
929 4280 949 4329 1.
969 4293 992 4346 p.
1012 4277 1052 4329 57.
