3094 4868
1309 226 1395 314 cae·

265 386 371 468 rebat)
397 385 532 450 Consilii
554 388 593 448 ed
615 387 730 466 Regem
754 387 984 452 Fordiuandum
1009 388 1031 452 1.
1056 387 1114 450 sub
1136 388 1380 458 Locumteaeate

259 471 362 536 ’Paule
385 471 503 534 Vardai
526 481 703 546 exaratum,
734 493 789 536 neo
814 493 875 534 non
906 473 1083 535 collationis
1107 475 1270 556 Diploma,
1296 468 1380 558 qerod

264 559 342 619 alias
367 559 606 635 provocavimus
639 555 755 640 (230),
788 577 883 638 super
905 559 1039 620 Palatini
1064 579 1190 622 munere
1214 561 1379 624 Nddasdiu
1489 559 1492 564 ’

263 644 387 705 collate.
427 644 581 704 Subnecto
613 663 648 704 ex
679 645 736 705 boo
767 646 879 705 iterum
912 647 949 704 ad
982 643 1129 727 majorem
1162 646 1251 708 fidem
1283 648 1377 710 dictis

263 729 498 800 conciliandam,
519 747 598 808 quae
620 731 679 791 huc
695 729 871 792 conterunt.
894 730 1026 804 ‚,Nobis,
1050 731 1144 806 rebus
1162 733 1294 794 maxime
1307 734 1376 794 ott·-

263 814 419 892 „t'rcilibus
444 816 644 894 urgentibus,
675 816 822 896 albegno
854 824 964 876 nostro
994 817 1146 878 remotius
1169 819 1385 883 existentibus.

264 901 433 982 „negotiis,
457 920 533 982 quae
557 919 673 962 moram
699 901 879 962 ulteriorem
903 920 965 962 non
983 902 1190 978 admitterent,
1212 923 1379 984 emergen-

263 987 392 1061 „tibrm,
414 1005 482 1048 eum
517 985 703 1050 Consilio
734 986 927 1048 fidelium
963 995 1197 1049 nostrorum
1223 985 1375 1052 Gensi-

264 1071 522 1148 „‘liariorum,
553 1072 604 1150 qui
639 1080 762 1150 praeter
796 1071 975 1132 ordinarios
1007 1066 1216 1134 consiliarios
1247 1081 1376 1135 nostros

262 1158 429 1233 „adminus
452 1176 522 1218 sex:
547 1177 583 1218 ex
605 1157 757 1218 Praelatis
781 1157 927 1218 videlicet
950 1158 1023 1232 duo,
1046 1177 1082 1218 ex
1100 1157 1275 1219 baronibus
1296 1159 1377 1220 toti-

261 1246 368 1319 „dem,
391 1250 420 1303 ct
443 1263 479 1304 ex
504 1242 669 1304 Nobilibus
693 1241 841 1303 similiter
871 1245 933 1303 dno
957 1243 1076 1302 nostris
1099 1244 1255 1304 sumtibus
1279 1261 1375 1322 penes

260 1330 412 1404 „eundem
436 1327 650 1406 (Palatinum)
675 1347 798 1408 semper
821 1328 1102 1390 intertenebuntur.
1136 1327 1275 1400 Quorum
1308 1329 1376 1390 sci·

260 1413 353 1488 „lioet
376 1415 521 1474 similiter
545 1413 687 1476 consitio
711 1412 809 1494 Regni
833 1413 935 1474 nostri
958 1411 1159 1494 Hongarioc,
1181 1420 1210 1476 el
1233 1413 1373 1476 Partium

260 1501 345 1575 „sibi
366 1497 577 1582 subjectarum
600 1500 723 1580 negotia
753 1508 857 1578 geret,
888 1506 917 1560 et
949 1498 1163 1573 administrat,
1189 1498 1271 1562 iuter
1294 1518 1373 1578 quos

258 1586 372 1660 „eliam
396 1585 548 1646 ordinarii
572 1583 756 1647 consiliarii
779 1585 891 1661 nostri,
915 1585 966 1664 qui
989 1583 1164 1646 Palatinum
1189 1583 1292 1662 ipsum
1312 1605 1371 1664 pro

259 1671 515 1746 „occurrentibus
545 1689 670 1745 eorum,
704 1678 734 1732 et
767 1671 865 1752 Regni
898 1671 999 1732 nestri
1032 1671 1292 1745 necessitatibus,
1325 1669 1375 1732 vel

258 1756 419 1833 „Posonii‚
443 1756 672 1836 (quaecivitas
697 1756 796 1830 locus,
820 1766 849 1818 et
871 1759 963 1820 sedes
986 1757 1271 1820 administrationis
1296 1776 1372 1820 suae

258 1859 350 1916 „esse
373 1842 481 1920 debet)
507 1842 554 1902 vel
576 1842 652 1904 alibi
683 1862 739 1920 pro
763 1852 954 1919 temporum,
988 1852 1018 1902 et
1052 1864 1156 1904 rerum
1188 1851 1369 1907 nostrarum

258 1926 463 2000 „necessitate
496 1935 637 2003 agentem
660 1928 864 1999 accesserint,
897 1927 928 1984 in
959 1924 1101 1986 Consilio
1136 1946 1227 1986 suum
1250 1946 1375 2006 semper

258 2009 398 2086 „lecum,
422 2029 569 2088 suamque
593 2011 790 2084 sessionem,
821 2017 850 2068 et
874 2028 979 2069 vocem
1003 2010 1146 2086 babeant,
1171 2029 1228 2092 pre
1255 2011 1373 2074 unius-

257 2093 430 2179 ,‚eujusque
453 2095 614 2176 dignitate,
638 2095 765 2171 honore,
789 2101 818 2154 et
840 2097 959 2159 statu.“
983 2103 1039 2158 etc.
1373 2096 1377 2106 ’

704 2284 741 2370 §.
760 2283 855 2357 666.

485 2433 609 2524 [leque
636 2445 810 2524 tempora
841 2430 977 2504 Caroli
1010 2433 1061 2504 VI.

270 2579 391 2673 ltaque
411 2603 431 2650 a
448 2584 565 2653 veteri
587 2583 657 2650 isto
686 2577 865 2667 Consilio,
894 2579 990 2674 quod
1017 2579 1128 2672 Regis
1155 2582 1261 2666 loco,
1291 2581 1369 2652 dum

168 2683 335 2767 abesset,
363 2685 507 2774 negotia
535 2681 766 2778 procurabat,
796 2685 883 2752 citra
903 2680 1156 2752 dubitationem
1175 2683 1368 2776 repetenda

169 2794 224 2856 est
211 2783 389 2855 tdemum
417 2784 752 2856 Locumtenentialis
791 2781 940 2855 Consilii
978 2783 1092 2875 Regii
1109 2787 1236 2876 origo,
1275 2784 1375 2853 illius·

168 2894 283 2957 lamen
313 2888 476 2956 activitas
504 2889 632 2975 injuria
659 2898 857 2981 temporum
891 2885 1064 2958 instabilis
1094 2885 1298 2974 admodum,
1328 2908 1370 2954 ao

166 2989 376 3081 praesertim
395 2987 566 3081 Leopoldi
596 2987 622 3056 l
644 2997 803 3080 tempore
822 2987 1054 3058 vehementer
1083 2978 1292 3058 labefactata
1324 2984 1367 3080 ⁸),

165 3091 258 3157 inter
277 3085 490 3157 domesticas
509 3086 687 3180 procellas
708 3089 807 3181 quasi
826 3092 968 3180 penitus
982 3091 1138 3174 evanuit,
1159 3087 1273 3156 donec
1285 3097 1367 3156 tan-

167 3188 243 3259 dem
262 3185 326 3258 sub
347 3183 476 3258 Carolo
496 3189 713 3283 Imperatore
732 3186 896 3280 legalem,
910 3210 959 3257 ac
979 3185 1139 3258 stabilem
1159 3189 1365 3258 consisten-

165 3291 248 3361 tiam
274 3291 552 3362 nancisceretur.

691 3489 727 3576 §.
756 3491 841 3562 663.

480 3641 647 3728 Hujuecc
663 3641 874 3711 Dz'cuetere'e'
887 3643 1045 3732 scopus.

263 3791 368 3860 Anno
398 3789 506 3881 igitur
535 3786 647 3859 seculi
674 3789 804 3881 prioris
831 3790 937 3858 tertio
956 3807 1061 3880 supra
1091 3768 1297 3862 vicesimum
1316 3810 1365 3862 ex

161 3899 278 3960 mutua
304 3890 415 3982 Regis
448 3889 676 3981 statuumque
708 3892 949 3960 consensione
977 3887 1214 3982 compluribus
1246 3889 1366 3982 legum

53 3991 58 4002 '
162 3990 318 4062 articulis
349 3989 382 4080 bJ
405 3986 667 4062 Consilium
693 3989 1364 4082 coeuntenencialetiegium,

189 4202 307 4262 ⁸)Coul.
327 4203 418 4254 Palma
437 4205 519 4254 docte.
543 4219 598 4255 rer
623 4205 703 4270 bung.
732 4205 764 4259 '1¹
787 4205 812 4264 6
839 4219 864 4274 p
890 4202 950 4268 611.
977 4219 1039 4268 cum
1061 4207 1144 4260 netto
1165 4205 1195 4258 ln
1218 4208 1273 4258 nol.
1296 4215 1362 4258 nov.

238 4273 329 4336 flung.
353 4274 384 4324 Τ.
403 4276 426 4323 1
443 4289 468 4340 p
462 4273 542 4327 .1.6.1.
562 4280 663 4341 etseq.
1168 4328 1171 4336 .

190 4353 563 4430 >eructuantem
