3138 4858
1336 223 1384 296 29

192 391 294 483 Rege
304 390 507 483 ratihaberi,
520 388 754 483 constituique
766 387 983 480 efflagitent,
999 391 1224 464 necessarius
1235 388 1385 486 proinde

194 496 318 586 quavis
348 503 464 566 aetate
493 492 601 566 fuerit
628 512 701 564 nen
726 490 897 587 Principis
922 501 1076 582 tantum,
1105 493 1321 581 sedetiam,
1350 499 1385 562 et

169 595 402 689 ,quidem-
426 605 464 667 ut
489 595 640 687 juridice
667 592 862 686 loquar-
893 595 1195 667 conditionis
1222 596 1383 667 instar

86 750 88 758 ,
193 699 295 773 sine
322 719 410 793 qua
436 719 523 768 non
550 697 730 783 Statuam,
759 704 795 764 et
823 692 1012 786 Ordinem,
1039 696 1075 767 in
1101 691 1260 767 comitiis
1285 696 1383 786 legi-

190 800 275 870 time
301 809 621 892 congregatorum,
658 814 851 883 assensus,
888 798 982 889 quod
1019 816 1231 870 numerosae
1268 795 1384 887 leges,

192 904 403 996 praesertim
428 898 471 972 de
491 898 650 973 comitiis
678 896 899 968 celebrandis
930 902 1110 988 sancitae,
1139 907 1175 969 et
1205 917 1267 968 eas
1294 900 1387 967 inter
1419 895 1422 900 ’

190 1010 272 1096 post
290 1000 525 1194 Vepppcnium
542 999 791 1122 JArticulus
821 1000 878 1072 12
902 1004 1010 1076 1791.
1031 1002 1160 1074 clarius
1187 998 1294 1071 multo
1315 1017 1386 1070 ex-

191 1105 323 1198 pressit

234 1246 273 1331 l)
297 1247 500 1327 „Verum—
525 1256 598 1312 sunt
620 1248 714 1310 verba
736 1268 773 1312 ex
795 1199 970 1329 Tripartito
997 1245 1203 1328 transscripta
1218 1245 1308 1330 ·)-
1324 1264 1387 1326 po-

277 1342 456 1415 „steaquam
479 1335 594 1416 Regem
617 1343 727 1435 sponte
751 1319 910 1412 sibiipsis
929 1334 1100 1416 elegerunt,
1123 1340 1196 1394 tam
1218 1334 1388 1395 conden—
1389 1427 1391 1432 Ι

276 1423 372 1584 stt?
383 1420 512 1608 titt
528 1417 1224 1602 tltott3¹1³,thttttttttt‘.
1241 1417 1387 1566 tltlt

278 1601 363 1671 „tas
386 1592 426 1654 in
446 1587 777 1693 jurisdictionem
800 1609 940 1654 sacrae
962 1591 1088 1672 Regni
1111 1586 1236 1674 hujus
1261 1588 1390 1653 Gore-
1476 1622 1480 1627 ι
1542 1574 1547 1582 '

277 1697 389 1764 ,‚pae,
435 1695 507 1758 qua
552 1677 690 1741 cuncti
722 1677 854 1758 Reges
898 1676 1141 1760 Hungariae
1184 1673 1388 1737 coronari

278 1765 455 1842 „sclent,
488 1773 526 1827 ot
559 1763 858 1844 subsequenter
891 1762 1140 1842 Principem,
1174 1761 1388 1843 etRegem

279 1859 483 1929 „nostrum
518 1849 706 1929 legitime
740 1848 1017 1911 coustitutum
1047 1845 1171 1910 simul
1204 1865 1285 1909 eum
1314 1847 1389 1908 Im·

280 1934 431 2013 „perio,
464 1942 501 1994 et
533 1933 767 2014 Regimine·
780 1933 987 2014 translata
1023 1941 1096 1994 cst.
1129 1930 1169 1993 Et
1199 1933 1246 1994 sio
1279 1940 1389 2011 postea

278 2021 399 2100 „Reges
422 2018 486 2096 ipsi
509 2025 690 2092 convocato,
712 2017 964 2096 interrogatoque
988 2016 1121 2097 Populo,
1143 2016 1388 2080 consultationes

253 2159 257 2166 ,
278 2103 401 2181 „lacme
424 2110 602 2180 coeperunt,
617 2109 711 2182 prout
728 2109 760 2162 et
775 2102 969 2182 temporibus
986 2102 1105 2165 nostris
1127 2100 1195 2162 fieri
1217 2102 1390 2166 consueuit·

280 2191 487 2267 „Attamen
509 2187 726 2267 Principes
759 2187 936 2268 proprio
969 2194 1095 2264 motu,
1118 2195 1157 2247 et
1180 2187 1390 2266 absolute,

279 2273 564 2354 „potissimum
609 2291 733 2353 super
762 2274 886 2336 rebus
923 2273 1020 2335 duri
1051 2271 1212 2350 divino,
1244 2281 1281 2335 et
1320 2294 1388 2336 na·
1424 2283 1426 2286 ’

279 2359 434 2437 „turali
462 2355 873 2442 praejudicantibus,
905 2367 1020 2441 atque
1050 2358 1171 2421 etiem
1201 2367 1389 2422 vetustae

279 2445 492 2523 „libertati
524 2443 656 2507 totius
686 2444 938 2524 hungaricae
970 2443 1118 2508 Gentis
1147 2444 1389 2526 deroganti-

280 2532 393 2609 „bus,
427 2528 778 2596 Constitutiones
813 2531 950 2594 fecere
981 2551 1059 2594 non
1091 2541 1285 2611 possunt,
1319 2533 1389 2593 scd

280 2616 528 2695 „aceersito,
559 2616 902 2698 interrogatoque
935 2617 1100 2698 populo,
1133 2617 1167 2678 si
1197 2617 1260 2678 eis
1283 2616 1388 2679 tales

279 2701 414 2784 „leges
447 2703 654 2782 placeant,
688 2720 727 2763 an
756 2701 819 2763 nel
853 2703 905 2782 qui
934 2722 1004 2765 cum
1034 2701 1272 2783 responderint,
1306 2703 1389 2783 quod

279 2788 366 2866 „sict
389 2788 468 2850 telos
491 2795 600 2868 postea
622 2785 800 2849 sanctiones
825 2785 934 2868 (salvo
953 2803 1076 2870 semper
1092 2788 1211 2867 divino,
1232 2787 1389 2854 naturali-

280 2893 359 2956 „que
378 2871 472 2959 jure)
495 2892 554 2954 pro
576 2872 699 2955 legibus
724 2873 964 2937 observantur.“

214 2981 335 3065 **)ln
356 2979 437 3045 bunc
460 2981 584 3044 modum
615 2980 738 3063 „Leges
769 2979 908 3060 terendi,
939 2980 1130 3064 abrogandi,
1163 2979 1389 3062 interpretandi

278 3073 483 3146 „potestatem
505 3067 539 3129 in
570 3067 679 3147 Regno
708 3065 766 3128 hoc
788 3066 986 3150 Hungariae,
1019 3065 1227 3146 Partibusque
1249 3067 1389 3142 adnexis,

280 3150 391 3228 „selva
418 3152 485 3216 Art.
509 3152 540 3215 8
566 3149 659 3218 1741.
691 3151 916 3231 dispositione,
946 3150 1083 3233 legitime
1113 3158 1260 3214 coronato
1289 3150 1389 3213 Prin-

279 3236 384 3316 „cipi,
407 3237 611 3315 astaritae,
635 3257 670 3300 ae
693 3236 866 3301 Ordinibus
888 3239 1006 3320 Regni,
1028 3239 1067 3298 ad
1093 3236 1228 3301 Comitia
1250 3235 1387 3318 legitime

193 3320 858 3401 1„confluentibuscommunemesse,
880 3343 935 3387 neo
958 3331 1045 3387 extra
1060 3321 1116 3387 ills
1133 3341 1270 3388 exerceri
1281 3340 1388 3404 posse,

279 3408 365 3486 „Sua
385 3404 542 3491 Majestas
567 3399 786 3472 Sacratissime
810 3410 903 3487 ultro,
926 3429 962 3472 ac
984 3415 1095 3489 sponte
1117 3409 1268 3490 agnoseit,
1290 3427 1327 3470 ac
1353 3425 1388 3469 se

279 3493 361 3571 „dus
383 3492 441 3554 boc
464 3494 606 3555 Statuum
628 3494 781 3556 illibatum
804 3504 1069 3572 conservaturam,
1092 3502 1182 3573 atquc
1198 3500 1291 3574 preat
1308 3492 1388 3554 illud

279 3599 319 3655 „a
335 3578 418 3641 divis
437 3579 505 3641 suis
519 3577 699 3662 Majoribus
715 3592 886 3663 acceperat,
908 3579 953 3642 ite
968 3581 1059 3643 etiam
1077 3581 1115 3641 ad
1131 3579 1289 3659 Augustos
1309 3595 1386 3638 suos

280 3666 507 3745 „Successores
530 3664 715 3730 inviolatum
741 3668 998 3731 transmissurem
1024 3665 1156 3748 benigne
1183 3662 1385 3728 declaravit.“
1443 3687 1445 3693 ⁴

713 3856 750 3943 s.
780 3811 890 3929 aee(

404 4002 613 4078 decedente
628 4004 755 4095 chnt‘
768 4008 942 4077 stateem
964 4007 1167 4079 comente.

296 4165 405 4254 Sunt,
425 4169 484 4260 qui
502 4167 684 4264 Principes
703 4178 848 4244 nostros
867 4169 970 4261 leges
988 4175 1044 4244 sat
1061 4167 1140 4257 diu,
1158 4187 1230 4240 non
1249 4165 1386 4261 quidem

183 4313 400 4326 ..πωρον-*ῃ

146 4383 149 4387 -
224 4372 249 4438 ι)
267 4368 589 4436 mulctasset.
707 4357 710 4362 ’
