3094 4868
1261 215 1336 291 aba

132 433 208 484 rum
230 407 439 483 Praefectus
475 399 652 488 ordinarie
680 393 888 492 praesidere
916 388 1017 463 solet.
1050 386 1252 484 Utrobique
1292 384 1337 459 ad

131 511 299 586 Tribunal
315 504 588 604 appellationis,
617 509 652 571 et
679 499 721 570 ab
750 496 820 567 hoc
850 492 893 567 ad
912 491 1119 585 Supremum
1137 488 1332 564 Consilium

17 668 19 677 ·
108 677 112 683 .
132 616 247 704 Aulae
265 611 429 684 bellicum
446 605 724 700 provocationes
751 597 847 669 bunt.
875 593 959 667 Utut
976 611 1066 664 vero
1088 611 1217 664 causae
1236 591 1334 665 mili-

132 727 204 789 tum
222 719 403 810 privatae,
431 707 645 800 aequaevis
675 700 835 793 objecta‚
864 717 953 792 quae
980 697 1183 783 servitium,
1212 719 1255 767 ao
1277 693 1362 766 ‹li-¹

134 818 319 912 sciplinam
344 811 529 886 militarem
554 808 724 892 attinent,
766 801 848 872 huic
883 796 1020 872 subsint
1050 793 1185 885 judicio
1216 799 1262 888 ⁸),
1290 793 1334 865 do

133 918 275 992 duribus
314 926 466 1012 attamen
493 908 612 981 militis
649 907 798 998 hungari
826 899 1087 996 possessionati
1114 918 1337 993 nequaquam

133 1021 277 1094 decidit:
290 1024 357 1092 ista
368 1018 460 1088 enim
472 1011 671 1095 ordinariae
683 1007 779 1080 civili
787 1002 1029 1075 Jurisdiotioni
1040 1009 1271 1072 reservantur
1286 998 1333 1088 l‘).

133 1124 210 1210 Qua
240 1122 390 1214 denique
420 1119 558 1189 ratione
577 1112 806 1208 pertractatio
827 1103 968 1177 mobilis
992 1103 1107 1192 juxta,
1135 1122 1177 1169 ac
1203 1106 1333 1172 immo-

132 1225 213 1298 bilis
231 1221 461 1296 haereditatis
481 1214 725 1288 decedentium
743 1209 888 1281 militum
905 1206 1023 1279 locum
1042 1202 1162 1274 sortiri
1182 1200 1308 1274 debeat
1320 1213 1347 1290 ς’

135 1325 263 1424 quidve
284 1333 430 1396 eatenus
449 1315 737 1390 iurisdictionem
756 1310 909 1399 civilem,
939 1306 1022 1404 quid
1039 1305 1224 1382 militarem
1242 1325 1335 1383 eon-

45 1431 69 1495 Γ
137 1437 271 1521 cernat,
299 1427 362 1500 lex
378 1424 574 1500 novissima
592 1417 748 1491 minutim
777 1411 908 1514 delinit
929 1411 971 1501 ⁰).

678 1670 686 1693 .
715 1618 801 1693 755.

428 1755 541 1828 Nova
571 1621 863 1823 Gedbrnationz‘c
888 1743 1041 1819 Formo.

209 1939 211 1944 ’
236 1925 400 2026 systema
420 1921 729 1994 administrationis
749 1913 924 2011 publicae,
944 1919 980 1983 et
991 1909 1154 1984 Instituta
1173 1909 1254 1983 huic
1271 1932 1338 2006 per

25 2105 29 2109 .
135 2031 362 2128 llungariam‚
380 2028 575 2117 Partesque
595 2021 752 2093 adnexas
782 2016 981 2104 destinata,
1008 2021 1239 2109 posteaquam
1267 2035 1334 2086 suo

135 2160 191 2209 me
212 2133 335 2209 ordine
356 2127 571 2224 explicuisse
588 2132 738 2218 reputoq
762 2121 835 2216 jam
861 2115 1043 2196 articulum
1071 2122 1333 2211 postremorum

137 2238 366 2313 Comitiorum
383 2233 525 2301 tertium
542 2230 578 2299 in
596 2247 687 2299 nuce
707 2224 850 2295 daturus
880 2240 968 2309 sum,
996 2221 1055 2313 qui
1081 2217 1227 2294 sublatis
1256 2240 1336 2290 eum

135 2343 282 2437 pristina
309 2332 574 2430 gubernationis
611 2327 744 2415 forma,
773 2346 815 2396 ac
845 2320 949 2394 modo
986 2323 1097 2414 regiis
1124 2320 1333 2394 Dieasteriis

136 2440 368 2524 cancellaria,
394 2432 572 2520 Consilio,
599 2428 773 2517 Camere,
799 2426 980 2522 propriam
1013 2423 1082 2494 illis
1112 2421 1334 2515 collegialem

134 2540 447 2640 pertractationem
464 2537 501 2606 in
520 2531 712 2603 centralem
730 2565 782 2580 -
799 2533 847 2598 ita
867 2548 944 2598 eam
962 2523 1066 2597 modo
1086 2527 1268 2614 nominant
1283 2563 1336 2577 --

135 2641 359 2742 permutavit,
388 2635 572 2732 eidemque
600 2632 846 2718 Ministerium‚
882 2629 1109 2722 responsioni
1142 2626 1334 2718 obnoxium

135 2740 409 2842 praeficiendum
445 2737 628 2827 decrevit,
676 2735 855 2806 activitate
883 2731 1001 2823 Regni
1044 2729 1332 2802 lurisdictionum

137 2849 305 2939 deinceps
325 2844 441 2931 etiam,
469 2850 573 2934 atque
592 2839 636 2911 ad
659 2837 865 2910 ulteriorem
883 2853 996 2929 usquc
1022 2832 1176 2926 legalem
1202 2823 1350 2927 provi-‘

138 2951 288 3033 sionem,
316 2963 441 3012 norma
468 2961 609 3033 quoque
648 2936 942 3008 administrandae
979 2936 1094 3007 medio
1124 2938 1347 3016 exstantium*

138 3045 377 3142 Tribunalium
405 3039 567 3114 iustitiae
593 3041 767 3134 tantisper
787 3038 922 3107 intacte
936 3034 1084 3111 relictis

664 3241 700 3326 §.
731 3239 815 3314 756.

340 3398 431 3470 Cum
457 3393 632 3468 distincto
658 3393 880 3482 Hunpareo
908 3349 1131 3466 Minz‘ctert‘o.
1195 3367 1198 3372 ⁷

210 3566 412 3665 specifice
448 3574 563 3637 autem
599 3570 798 3659 provocato
836 3551 983 3635 articulo
1021 3565 1210 3638 constituta
1239 3553 1344 3638 ‘baec'

137 3681 235 3767 sunt:
274 3671 300 3742 Ι.
329 3671 545 3744 Potestatem
574 3666 797 3738 executivam
823 3665 937 3757 Regia
963 3663 1154 3758 Majesta5‚
1192 3667 1346 3763 quando,

136 3775 316 3868 inRegno
335 3769 548 3860 morabitur,
575 3773 611 3840 in
638 3789 746 3840 sensu
769 3767 888 3862 legum
911 3768 1027 3839 medio
1048 3767 1202 3843 distincti
1219 3768 1330 3842 Mini-

136 3879 236 3950 sterii
252 3877 335 3973 Ipsa
352 3870 536 3944 exclusive
556 3879 743 3966 exerceat,
773 3869 928 3942 absentis
954 3865 1035 3942 loco
1062 3871 1177 3966 Regni
1196 3867 1345 3945 Palati-'

135 3998 215 4069 nus,
244 3999 346 4073 quem
363 3976 400 4047 in
419 3981 584 4047 eventum
603 3973 679 4063 ejus
708 3972 865 4047 Persona
895 3993 1008 4068 aeque
1036 3971 1251 4064 inviolabilis
1279 3974 1349 4064 fit„

164 4185 191 4250 ⁸)
211 4189 288 4242 1655.
307 4189 332 4242 7.
350 4213 385 4224 ···
403 4187 481 4242 1723·
500 4185 542 4240 11.

162 4273 190 4340 l¹)
210 4275 276 4328 lbid.
295 4275 366 4328 conl.
385 4275 516 4326 Kalamon
536 4273 586 4340 Op.
605 4271 652 4324 cit.
669 4273 699 4326 la.
720 4258 766 4324 ul.
784 4267 807 4336 d.
826 4265 886 4325 tls.

164 4355 287 4504 ο)Ιί830.
307 4363 333 4415 9.
351 4362 422 4416 cond
440 4357 519 4416 1741.
535 4360 579 4414 88.
597 4365 624 4414 et
641 4355 719 4415 1764.
737 4359 761 4412 8.
843 4374 846 4380 ’
948 4361 951 4370 “
