3094 4868
1275 229 1355 306 ,333

154 377 206 480 ’,ηε
224 395 302 490 quis
321 402 456 468 temere
481 387 684 472 Nobilitatis
711 396 977 492 praerogativo,
1015 406 1052 472 ct
1076 397 1357 497 incompetenter

160 501 212 570 uti
230 500 333 589 ausit,
361 505 585 591 caeteraque.

563 781 567 790 ,
676 704 712 792 6.
743 705 827 779 706.

468 853 744 944 Pereeptorom,
776 867 813 924 ot
836 855 1054 926 anctora'a

262 996 449 1072 Cassarum
470 1019 588 1070 curam
607 1009 735 1091 gerunt
761 1000 1072 1095 Pereeptores,
1095 999 1353 1093 generales,

159 1101 374 1196 totidemque
410 1100 513 1191 hino,
551 1110 586 1172 et
614 1100 714 1173 illinc
749 1104 784 1172 in
820 1101 1055 1191 districtibus,
1093 1111 1179 1196 quot
1207 1123 1352 1172 numero
1445 1167 1446 1174 ,

157 1207 395 1297 requiruntur,
421 1203 769 1298 particulares,
799 1225 932 1295 genere
951 1203 1112 1294 NobileS,
1132 1213 1168 1276 et
1185 1212 1224 1274 ut
1240 1203 1354 1291 major

156 1304 199 1375 ab
217 1308 261 1376 iis
281 1313 379 1377 esset
398 1303 440 1374 de
460 1303 554 1376 fideli
579 1305 895 1393 Administratione
922 1309 1116 1395 securitas,
1146 1324 1352 1395 cassamque

158 1405 332 1500 publicam
361 1405 558 1478 indemnem
584 1408 786 1502 praestandi
815 1405 986 1498 facultas,
1023 1410 1127 1478 etiam
1155 1425 1353 1501 possesso-

156 1528 216 1580 res
248 1510 292 1597 ·).
322 1508 411 1581 Sunt
438 1508 486 1596 hi,
516 1508 610 1603 quod
628 1530 674 1578 ex
703 1518 826 1598 natura
847 1510 953 1580 officii
971 1530 1120 1602 pronum
1139 1519 1206 1596 est,
1226 1509 1295 1577 imo
1317 1513 1353 1575 et

156 1607 330 1681 haeredes
360 1631 481 1681 eorum
509 1610 703 1692 rationibus
733 1610 921 1681 reddendis
952 1611 1121 1699 obnoxii,
1151 1632 1218 1703 qua
1246 1611 1281 1677 in
1300 1627 1353 1694 re,

157 1715 187 1783 si
206 1733 322 1784 moras
340 1721 504 1799 nectant,
534 1711 577 1781 ad
595 1710 630 1780 id
648 1710 847 1782 faciendum
866 1712 1033 1804 gravibus
1053 1712 1117 1784 sub
1136 1711 1262 1807 poenis
1282 1711 1351 1778 imo

157 1813 360 1884 detentione
398 1835 538 1907 quoque
572 1834 804 1907 personarum
842 1813 936 1906 adigi
970 1825 1120 1908 possunt
1150 1812 1208 1902 ¹³),
1247 1818 1354 1904 prout

16 1903 21 1916 ’
100 1986 102 1990 ,
156 1916 314 1986 vicissim
352 1933 440 1985 onus
470 1912 721 1986 satisfactionis
750 1936 822 1985 non
851 1913 1043 2002 haeredes,
1083 1915 1147 1986 sed
1173 1932 1353 1982 morosum

157 2013 399 2105 Magistratum
449 2013 555 2103 serit,
601 2017 758 2086 rationes
802 2037 822 2084 a
861 2014 1132 2110 Pereeptoribus
1172 2012 1352 2086 confectas

157 2119 325 2210 excipere
356 2115 596 2208 negligentem
626 2115 681 2206 ⁰),
720 2115 845 2210 quibus
884 2116 1088 2191 revidendls
1139 2114 1351 2188 Exactor

158 2214 354 2291 Comitatus
382 2227 584 2312 occupatur.
1011 2254 1014 2260 v

581 2510 583 2515 2
682 2421 719 2507 §.
750 2422 834 2496 707.

360 2571 560 2664 Offz‘co'ules,
589 2588 625 2645 et
648 2575 861 2645 Serez'toreo
891 2573 1152 2656 demutatorum.

257 2716 338 2793 Non
357 2731 478 2794 carent
497 2721 648 2816 denique
668 2717 860 2793 Comitatus
879 2719 969 2790 ultra
988 2729 1212 2790 enumeratos
1230 2717 1349 2812 Magi-

156 2820 307 2912 stratus,
337 2822 518 2895 stabilibus
549 2826 621 2897 suis
648 2821 819 2913 bledicis,
849 2820 1051 2913 Chirurgis,
1082 2820 1349 2911 Obstetrioibus,

158 2921 379 3013 Geometris,
409 2922 639 3015 Castellanis,
669 2926 816 3016 aliisque
849 2924 892 2993 ad
920 2923 1082 2994 tuendam
1111 2925 1348 3013 securitatem,

156 3031 215 3091 aut
243 3026 418 3095 annonam
453 3026 598 3097 Militiae
633 3024 957 3111 administrandam,
993 3046 1083 3116 quos
1111 3023 1347 3096 Comissarios

155 3133 305 3211 vocant,
334 3125 376 3195 ad
403 3125 657 3220 inspiciendum
683 3148 792 3223 porro
819 3128 872 3194 rei
901 3122 1025 3211 aedili,
1052 3128 1138 3219 ripis
1157 3121 1345 3214 fluminum,

154 3226 208 3294 rei
228 3229 406 3317 aquariae,
435 3231 494 3319 qui
513 3249 634 3300 omnes
652 3231 823 3299 tamenin
842 3225 1050 3317 Magistratu
1068 3247 1139 3296 non
1156 3228 1347 3297 continen-

155 3335 229 3410 tur3
257 3329 392 3419 provisi
412 3326 561 3422 denique
591 3333 695 3402 etiam
715 3340 794 3401 sunt
822 3327 1086 3413 servitoribus,
1116 3326 1346 3415 satellitibus,
1406 3334 1409 3348 ¹

132 3425 299 3521 uigiliis,
320 3449 465 3521 quorum
493 3449 583 3522 quae
608 3452 691 3521 esse
710 3435 870 3525 possint,
899 3431 1037 3522 sintque
1070 3429 1206 3523 agenda
1227 3428 1346 3516 cilicii,

155 3538 214 3600 aut
232 3531 369 3602 servitii
387 3551 507 3620 causa,
523 3552 569 3603 ox
585 3533 663 3625 ipsa
682 3530 940 3624 significatione
958 3533 1108 3628 nominis
1125 3528 1343 3621 intelligitur.

679 3736 716 3821 ὕ.
745 3739 830 3809 708.

259 3884 508 3973 Mapo‘otrotue
519 3871 528 3903 ⁵
538 3884 801 3986 comitatensis
829 3906 853 3954 a
880 3905 954 3976 quo
983 3890 1249 3964 coactantur?

258 4029 322 4115 Qui
340 4034 376 4104 in
395 4054 539 4105 censum
557 4032 784 4126 Magistratus
802 4035 962 4122 veniunt,
988 4034 1055 4107 hos
1076 4057 1122 4106 ex
1142 4032 1344 4121 individuis,

151 4157 355 4169 *—

184 4203 208 4263 a)
229 4205 271 4255 ldx
288 4210 376 4255 cruente
394 4203 473 4256 1567.
491 4206 515 4256 7.
535 4159 635 4256 collato
655 4220 716 4258 euru
736 4201 814 4256 11171.
834 4205 875 4256 15.
895 4203 972 4256 1723.
990 4205 1032 4256 66.
1049 4201 1072 4268 b.
1091 4202 1115 4255 i.

183 4286 212 4350 1ν)
231 4287 309 4342 itti.
326 4291 369 4342 20.
388 4291 464 4342 1632.
483 4291 526 4342 65.
544 4288 619 4346 1617.
637 4292 680 4346 39.
698 4291 761 4346 coll.
777 4305 840 4344 cum
850 4291 929 4343 1716.
947 4290 991 4362 57·
1011 4294 1040 4342 ct
1058 4290 1134 4344 172³.
1144 4289 1188 4343 63.
1206 4285 1229 4353 d.
1248 4286 1273 4340 8.
1281 4291 1309 4338 et
1318 4286 1345 4340 9.

184 4372 211 4436 ⁰)
230 4374 281 4427 cit.
301 4375 377 4428 1733.
396 4376 439 4428 63.
459 4371 482 4438 b.
501 4376 543 4430 12.
