3094 4868
1252 225 1326 315 tot
1453 330 1456 338 ¹

4 455 7 470 ·
131 406 399 497 ordinaria,
435 406 787 481 ecclesiastica
822 413 899 484 sive
937 429 1087 497 sacra,
1124 407 1186 482 vel
1218 429 1326 506 pro-

4 545 6 590 r
130 512 260 600 fana3
287 513 355 583 ista
383 531 473 581 vero
503 513 628 581 iterum
657 514 692 581 in
729 511 996 606 politicam,
1036 509 1325 602 cameralcm',

2 664 5 675 ,
125 614 400 704 juridicam,
428 612 702 702 militarem,
731 624 766 684 ct
796 635 885 707 quae
913 613 1077 684 harumce
1107 610 1325 687 subdivisio·

3 753 4 796 1
129 736 195 788 nes
223 724 359 816 restant
384 712 555 807 reliquae,
583 716 724 786 secerni
751 714 844 788 solet
874 715 918 806 ⁸).

640 862 676 950 ὃ.
706 866 792 939 677.

364 959 677 1084 toreumatum
703 1013 829 1104 chm‘
846 1010 1096 1103 publicorum.

233 1159 282 1230 At
308 1180 397 1230 vero
426 1168 549 1231 nostro
577 1158 737 1258 uulgari,
775 1169 811 1230 et
839 1160 984 1254 proprio
1014 1159 1181 1255 loquendi
1212 1181 1324 1250 more,

130 1263 272 1334 nomine
290 1258 505 1355 publicarum
532 1261 647 1352 Regni
674 1259 961 1332 lurisdictionum
980 1283 1131 1356 corpora
1150 1259 1323 1353 intelligi-

129 1384 206 1434 mus
226 1360 384 1450 moralia,
403 1361 488 1432 nulli
507 1365 666 1456 privatae
685 1364 853 1456 potestati
869 1360 1038 1452 subjecta,
1058 1383 1147 1458 quae
1163 1365 1323 1434 auctori·
1351 1367 1353 1371 ’

129 1473 214 1551 tate,
241 1467 277 1534 in
295 1466 371 1558 ipsa
390 1461 782 1556 RegniConstitutione
810 1463 984 1560 radicata,
1011 1484 1078 1558 per
1105 1485 1145 1536 se
1165 1485 1321 1558 suosque
1350 1473 1354 1479 '

129 1556 1150 1660 legitimosettlagtstratustputntam‘tntnutstttntnem,
1178 1565 1322 1658 advigi-

128 1667 233 1739 lando
253 1666 355 1739 simul
372 1665 490 1758 legum
509 1666 659 1756 effectui,
688 1689 729 1738 ac
747 1667 1015 1755 sanctimoniae,
1043 1668 1133 1738 intra
1160 1665 1322 1739 ambitum

130 1772 184 1842 sui
212 1771 382 1841 territorii
423 1779 695 1862 prosequuntur.
734 1770 963 1841 Activitatem
1004 1766 1094 1839 hanc
1123 1779 1323 1842 cunctarum

128 1871 245 1963 Regni
261 1868 547 1941 Jurisdictionum
563 1871 688 1941 Diaeta
707 1874 787 1942 anni
820 1872 926 1943 1848.
948 1891 1060 1963 usque
1086 1868 1237 1942 futuram
1263 1871 1323 1942 le-

129 1976 184 2064 gis
202 1972 445 2066 provisionem
463 1973 627 2042 intactam
644 1971 805 2062 reliquit,
833 1991 904 2040 non
934 1972 1017 2040 item
1045 1972 1215 2063 reliquam
1243 1974 1321 2044 sive

128 2093 347 2168 compagem,
375 2070 605 2163 formamque,
625 2091 689 2141 seu
710 2074 968 2141 occurrentium
992 2075 1216 2164 negotiorum
1233 2094 1322 2165 per-

129 2177 385 2262 tractationem,
412 2193 477 2266 pro
494 2170 617 2265 quibus
638 2180 894 2266 temporaneas,
913 2191 1024 2263 usque
1043 2171 1193 2244 futurum
1206 2172 1321 2264 Regni

128 2283 341 2348 conventum
359 2278 571 2347 mutationes
590 2282 770 2362 sanxerat,
801 2293 865 2344 suo
885 2270 967 2344 loco
988 2272 1244 2346 memorandas.
1324 2299 1327 2304 ·

650 2423 686 2509 ς.
706 2409 801 2496 1678.

502 2549 690 2625 Attrt'buto
718 2548 947 2623 essentialia.

226 2695 282 2772 Ex
316 2697 398 2770 hinc
427 2697 631 2770 essentialia
661 2715 750 2790 quae
779 2695 911 2769 luerint
942 2703 1069 2784 antea,
1108 2705 1143 2767 et
1172 2692 1320 2790 publicis

128 2801 365 2873 tantummodo
374 2801 490 2894 Regni
498 2797 804 2872 Jurisdictionibus
825 2797 1016 2892 singularia
1035 2797 1211 2885 attributa,
1234 2798 1321 2868 citra

126 2901 395 2976 haesitationem
423 2905 459 2975 in
487 2900 714 2996 sequentihus
752 2904 837 2975 licet
865 2899 1041 2994 deligere,
1077 2899 1170 2992 quod
1194 2918 1319 2993 nempe

126 3002 152 3075 1.
183 3003 327 3096 Legalia
353 3013 474 3075 essent
510 3005 719 3094 executivae
748 3003 936 3099 potestatis
971 3021 1133 3093 organa,
1181 3021 1320 3093 unaque

126 3103 169 3176 ll.
198 3089 1316 3193 Fidems‘a‘vdtiitffmstnummmpsunsgumeonservatorcs.

125 3204 185 3277 Ill.
215 3204 315 3292 Quod
335 3203 457 3276 liberis
478 3204 653 3297 suffragiis
673 3223 757 3300 suos
775 3206 844 3298 ipsi
864 3201 1061 3296 deligerent
1077 3199 1318 3292 Magistratus,

127 3306 251 3402 quibus
271 3327 348 3376 cum
368 3327 474 3376 unum
497 3305 659 3400 idemque
679 3327 808 3402 corpus
829 3303 961 3376 morale
980 3303 1183 3391 effecerant,
1210 3302 1321 3393 junc-

125 3413 240 3504 tisque
270 3409 421 3480 invicem
440 3406 575 3479 viribus
594 3407 750 3502 politica,
774 3405 937 3496 juridica,
965 3405 1195 3477 oeconomica
1226 3425 1320 3498 quo-

123 3515 193 3605 'que
222 3509 265 3580 ad
293 3511 347 3582 sui
366 3511 536 3601 gremium
568 3511 773 3597 attinentia,
802 3515 837 3578 et
866 3509 902 3578 in
922 3525 1006 3578 casu
1033 3505 1319 3595 Insurrcctionis,

123 3613 183 3685 vel
204 3615 233 3685 si
252 3621 400 3706 tyrones
424 3608 611 3697 statuendi,
638 3608 740 3700 hujus
767 3630 907 3703 quoque
937 3609 1072 3701 speciei
1090 3609 1234 3697 negotia
1259 3608 1319 3679 le-

125 3736 218 3807 gum,
246 3722 282 3784 et
304 3713 466 3783 altiorum
484 3711 740 3783 ordinationum
761 3712 797 3782 in
818 3709 1036 3803 obsequium,
1063 3707 1319 3803 inquePatriaa

126 3814 371 3887 defensionem
397 3823 644 3909 operarentur.

642 3957 679 4046 δ.
709 3961 794 4034 679.
1039 4042 1042 4053 1

247 4125 258 4136 ν
356 4085 403 4160 In
431 4086 656 4158 executione
681 4061 862 4156 altiorum
894 4083 1083 4158 ordinum.

228 4210 444 4298 Character,
472 4229 575 4302 quem
593 4208 740 4302 primum
758 4210 885 4303 posui,
914 4228 1035 4279 secum
1054 4205 1145 4297 fert,
1173 4215 1211 4276 ut
1227 4206 1319 4280 iutra
1383 4286 1387 4292 ,

120 4337 324 4348 --.-—---—-

153 4377 180 4444 ⁸)
199 4379 275 4431 conf.
294 4381 428 4434 Kclcmsu
447 4381 496 4447 Op.
515 4380 561 4434 cit.
579 4379 609 4433 la.
629 4381 676 4433 111.
695 4379 725 4433 P.
743 4380 765 4432 1.
785 4379 815 4434 0.
833 4382 854 4436 1.
873 4375 897 4445 t.
914 4378 976 4434 tto.
993 4383 1023 4431 et
1040 4371 1109 4444 ³qu
