3144 4860
135 245 231 356 ¹eo

179 411 414 500 adnexarum,
442 412 643 482 nominatim
677 408 879 484 lmmunitas
906 409 1155 486 Nobilitatisa
1182 406 1376 484 Contribu-

179 514 287 585 tione.
316 512 359 583 ll.
389 511 543 586 cavetur
578 535 624 584 ne
657 531 746 584 onus
784 512 959 607 publicum
993 514 1102 586 fundo
1134 534 1284 606 unquam
1316 517 1376 584 in-

179 612 334 685 haereat.
356 612 415 684 lll.
431 614 528 684 Vero
548 636 593 685 ne
611 612 771 706 Regnum
790 613 833 684 ad
851 635 1008 687 normam
1028 618 1172 688 abarum
1191 615 1376 706 Augustae

179 715 312 786 Domus
330 715 608 804 Provinciarum,
634 736 759 788 verum
783 717 936 810 propriis
959 719 1147 806 institutis,
1176 738 1218 785 ac
1237 715 1376 806 legibus

179 815 405 908 gubernetur.
432 815 489 887 Ad
521 815 623 907 hujus
658 839 766 911 porro
799 820 910 912 ipsius
944 820 1081 888 articuli
1109 818 1377 912 dispositionem

178 918 340 1012 Diploma
358 917 531 1012 Leopoldi
548 917 591 987 ΙΙ.
613 921 796 1012 expressis
821 917 942 991 verbis
961 929 1135 1012 provocat
1165 921 1210 1010 ⁵),
1229 927 1265 988 et
1285 940 1376 1011 quae

179 1017 316 1090 demum
342 1023 378 1092 in
406 1021 468 1092 illo
492 1019 603 1090 adbuc
629 1019 788 1112 ambigua
817 1019 1026 1092 videbantur
1052 1018 1117 1110 *),
1146 1024 1260 1090 animo
1288 1043 1376 1096 vere

179 1130 329 1217 augusto
351 1121 561 1194 Franciscus
590 1123 672 1194 Rex
700 1123 851 1217 optimus
880 1124 1025 1219 proprio
1055 1133 1150 1196 motu
1171 1125 1377 1213 immutavit,

179 1223 273 1321 quod
300 1246 405 1319 supra
428 1227 616 1317 attigimus.
647 1223 748 1314 (19.)

222 1345 260 1430 *)
283 1346 318 1409 ln
342 1345 503 1430 prioribus
526 1365 635 1426 nempe
658 1347 695 1406 de
718 1343 929 1410 coronatione
953 1345 1026 1408 baec
1043 1345 1241 1430 legebantur:
1264 1347 1375 1426 „Quod

263 1440 409 1516 „practer
441 1432 629 1511 abantiquo
660 1432 820 1493 deductam
855 1431 1184 1496 haereditariam
1208 1435 1376 1497 Succes-

264 1520 460 1596 „sionem‚
507 1517 944 1596 coronationemquc,
986 1520 1017 1578 in
1051 1519 1172 1597 reliquo
1207 1521 1374 1583 universas

263 1605 446 1678 „libertates
469 1635 510 1646 -
533 1634 575 1646 «—
597 1635 638 1645 -
661 1602 921 1662 observabimus‘
943 1603 975 1661 iu
999 1602 1110 1664 ultimo
1133 1611 1241 1666 contu
1259 1603 1376 1684 Diplo-

263 1695 344 1750 mate
366 1687 477 1749 borum
500 1685 568 1748 loco
592 1686 753 1764 sequentia
775 1686 932 1764 reperics3
955 1685 1069 1761 „Quod
1090 1697 1214 1766 praeter
1236 1689 1275 1752 ab
1290 1691 1375 1752 anti-

264 1791 346 1854 „quo
370 1773 531 1837 deductam
553 1769 871 1833 haereditariam
903 1773 1049 1851 regiam
1074 1776 1376 1838 successionem

264 1867 364 1937 „tam
388 1856 704 1919 Coronationcm
728 1858 773 1917 ad
797 1863 964 1918 mentem
995 1858 1168 1922 articuli
1191 1859 1221 1926 3.
1247 1860 1401 1942 1791,

189 2033 193 2039 .
265 1963 400 2028 ‚,qucm
423 1941 606 2024 reliquas
629 1941 858 2004 universas
881 1941 1010 2026 elcan)

724 2129 732 2146 .
765 2079 847 2150 106.

418 2203 467 2274 ΙΙ.
496 2205 606 2276 Batus
633 2077 948 2292 Incbparctz’omc
974 2205 1128 2293 Raptae.

280 2323 529 2397 Coronationis
549 2335 661 2414 actus,
673 2346 776 2419 quem
791 2363 844 2380 --
859 2336 898 2396 ut
916 2349 936 2396 a
956 2328 1107 2397 saeculis
1125 2328 1241 2399 locum
1256 2327 1375 2402 habuit

177 2463 229 2477 --
248 2425 404 2514 uberius,
429 2429 488 2518 qui
507 2428 619 2513 volet,
635 2429 671 2498 in
694 2426 823 2496 Diariis
848 2421 1086 2518 comitiorum,
1114 2438 1149 2500 et
1168 2434 1374 2524 provocatis

178 2527 263 2598 inibi
280 2528 509 2600 Documentis
531 2529 702 2615 inveniet,
722 2527 929 2622 compendio
949 2526 1016 2597 buc
1032 2529 1143 2600 redit:
1166 2535 1374 2623 praestituta

180 2627 235 2699 die
265 2628 345 2700 Rex
372 2626 632 2722 inaugurandus
663 2649 683 2698 a
708 2627 904 2702 Beronibus
933 2629 1069 2722 Regni,
1108 2634 1208 2725 queis
1239 2635 1374 2724 regalia

178 2726 348 2802 clenodia
371 2729 550 2802 anteferre
584 2729 699 2802 datum
722 2741 796 2819 est,
822 2731 931 2824 longo
952 2733 1154 2822 Procerum,
1184 2721 1381 2805 Ordinum-¹

178 2853 246 2926 que
268 2835 426 2926 equestri
454 2834 593 2925 agmine
623 2832 883 2926 praecedente,
910 2836 946 2904 iu
976 2831 1163 2905 Basilicam
1189 2835 1374 2928 deductus,

176 2937 349 3027 praestito
372 2937 464 3004 inter
493 2934 626 3006 Missae
647 2936 808 3005 solennia
829 2934 1059 3024 jureJ‘urando
1084 2935 1126 3007 de
1153 2938 1312 3026 justitia,
1341 2951 1378 3010 ct

175 3057 264 3129 pace
293 3035 463 3125 colenda,
491 3046 595 3130 atquc
625 3033 752 3108 tuenda
783 3035 945 3107 Ecclesia
975 3040 1121 3131 primum
1153 3039 1375 3132 aPraesule,

177 3157 278 3210 sacra
293 3148 476 3235 operante,
495 3139 577 3210 olco
596 3135 932 3211 cathecumenorum
949 3141 1156 3233 perungitur
1175 3144 1211 3212 in
1230 3141 1375 3214 humero

178 3239 317 3329 dextro,
343 3240 505 3330 brachio,
533 3249 570 3311 et
596 3243 690 3311 inter
724 3240 909 3333 scapulas,
937 3251 1010 3312 tum
1032 3241 1280 3316 Paludamento
1305 3245 1377 3317 divi

177 3340 359 3436 Stephani,
377 3342 565 3436 gladioque
587 3341 738 3429 indutus,
758 3344 856 3414 socia
874 3340 990 3436 Regni
1010 3343 1159 3417 Palatini
1183 3367 1304 3445 opera,
1332 3345 1374 3416 ab

10 3487 32 3516 ..
105 3537 107 3541 v
177 3439 304 3515 codem
326 3444 497 3518 Antistite
526 3439 666 3516 Corona
693 3447 903 3537 incingitur,
931 3446 1145 3544 Thronoque
1167 3441 1282 3539 Regio
1304 3449 1374 3517 im-

174 3549 330 3641 ponitur,
360 3569 403 3618 ao
422 3567 523 3619 sacra
555 3545 701 3620 subinde
723 3545 860 3640 Synaxi
880 3546 1047 3620 reficitur.

726 3745 735 3764 .
768 3697 850 3768 107.

514 3693 1037 3912 Ordoqae§Cercmona‘cr-am.

277 3943 374 4030 Ordo
401 3945 470 4014 iste
495 3947 798 4034 ceremoniarum,
828 3955 993 4039 quantum
1019 3943 1274 4018 ecclesiasticis
1292 3950 1374 4021 riti-

174 4045 240 4118 bus
258 4048 383 4138 peragi
413 4048 623 4133 consuevit,
651 4045 741 4117 idem
761 4057 938 4139 utcunque
953 4047 1026 4133 jam
1044 4067 1064 4114 a
1082 4047 1195 4140 Pipini
1212 4048 1374 4120 Franco-

175 4168 250 4216 rum
278 4146 388 4238 Regis
418 4145 633 4240 temporibus
662 4148 754 4243 apud
779 4146 988 4220 Germaniae
1015 4143 1212 4244 Caesares,
1247 4161 1374 4245 postea

204 4311 231 4375 ⁸)
249 4315 317 4364 Dec·
337 4316 415 4370 1791.
432 4319 456 4368 s.
474 4317 618 4370 insertum.

203 4383 231 4448 b)
249 4385 318 4436 Dec.
336 4387 413 4445 1792.
429 4393 482 4442 art.
495 4387 521 4444 2.
535 4385 561 4454 b·
581 4383 605 4443 1.
