3138 4858
188 210 237 282 34

188 399 301 474 usque
324 373 457 450 ordinis
486 374 627 447 nomina
645 369 872 446 Comitiorum
889 369 1054 444 Decretis
1076 373 1150 464 jem
1175 371 1287 468 prima
1315 394 1386 468 pe-

189 481 291 554 riodo
323 477 482 552 subnexa
508 479 694 564 visuntur,
732 475 985 570 supremorum
1012 475 1096 546 item
1124 472 1296 548 Comitum
1326 477 1386 548 illa

188 583 257 657 fuit
276 581 368 676 apud
384 579 542 669 Maiores
570 588 727 667 nostros,
754 587 859 670 atque
889 583 1055 648 constans
1076 581 1112 649 in
1139 575 1265 667 rebus,
1303 580 1389 650 uni-

189 705 333 759 uersum
354 680 520 776 populum
543 679 782 767 attinentibus,
810 680 1016 765 auctoritas,
1043 689 1081 750 ut
1096 682 1236 773 quoties
1256 678 1299 750 de
1317 701 1386 751 ro-

190 785 305 880 ganda
328 783 411 875 lege
437 782 619 877 provideri
638 779 837 876 oportebat,
866 781 1095 875 praecipuum
1119 779 1254 854 eisdam
1280 779 1389 853 inllu-

190 910 273 958 xum
300 889 479 981 proprium
509 905 591 956 esse
618 882 817 969 voluerint3
845 883 945 971 cujus
968 886 1022 953 rei
1040 881 1253 954 evidentiam
1273 886 1389 955 omnia

193 990 306 1061 omnis
334 988 460 1058 aetatis
479 985 688 1057 documenta
715 984 916 1076 loquuntur.
946 979 1023 1054 Nec
1048 985 1161 1056 minus
1181 983 1391 1058 Seculorum

192 1093 271 1162 usui
298 1090 468 1177 innititur,
494 1097 533 1158 ut
561 1084 850 1181 quemadmodum
877 1091 1023 1157 veteres
1051 1085 1102 1156 illi
1120 1085 1303 1181 Dynastee
1329 1087 1390 1161 uel

190 1191 368 1268 Statum
394 1187 629 1261 Baroniae
657 1189 784 1260 ultra
814 1195 1043 1260 caeteros
1071 1185 1275 1261 Nobiles
1299 1191 1392 1280 jam

193 1293 306 1388 olim
332 1289 588 1378 hebentes,
625 1291 703 1363 vel
740 1291 785 1360 in
812 1287 1024 1359 ordinem
1060 1288 1290 1361 Beronum
1317 1291 1392 1362 ad-

192 1394 380 1488 scripti,
436 1392 589 1486 indeque
624 1392 760 1464 titulum
804 1389 1218 1484 Magnificentiee
1256 1392 1390 1488 adepti:

193 1500 242 1568 ita
262 1495 430 1589 deinceps
450 1515 587 1583 omnes,
613 1498 673 1587 qui
690 1492 815 1564 horum
833 1502 973 1564 coetum
992 1492 1168 1585 augendo,
1186 1493 1248 1566 vel
1268 1493 1393 1566 subin-

167 1688 169 1692 ,
193 1595 388 1690 grediendo
408 1590 592 1682 Comitum,
612 1616 655 1664 ac
671 1593 862 1665 liberorum
879 1593 1056 1665 Beronum
1073 1595 1215 1666 nomine
1232 1598 1393 1686 veniunt,

195 1699 360 1772 distincte
380 1699 534 1784 evocati,
553 1694 745 1788 legitimam
762 1694 856 1767 illius
875 1693 1081 1769 Conventus
1100 1706 1235 1791 partem
1254 1695 1392 1768 effece-

192 1804 284 1886 rint,
305 1801 727 1892 usu—inquen--non
745 1805 878 1868 tantum
890 1799 1050 1894 nuspiam
1069 1808 1318 1888 controverso,
1338 1809 1394 1872 ast

163 1916 167 1923 ·
193 1899 387 1973 indubitato
407 1919 557 1972 assensu
576 1908 874 1993 congregatorum
891 1900 1108 1995 reliquorum
1127 1899 1306 1990 Ordinum,
1331 1899 1392 1973 le-

194 2001 368 2097 gibusque
387 2002 475 2096 ipsis
495 2002 669 2076 cumulate
688 2001 840 2076 suffulto.

720 2205 757 2291 ὅ.
778 2205 864 2278 367.

549 2374 612 2448 Ad
638 2377 800 2447 Comrtr'a
828 2377 1036 2446 continuus.
1127 2457 1130 2462 ¹

297 2547 417 2620 Missis
435 2544 607 2640 pluribus,
633 2565 722 2638 quae
742 2566 782 2617 se
801 2546 837 2616 in
856 2544 1003 2639 probam
1020 2543 1168 2636 hujusce
1189 2544 1394 2619 Consensus
1511 2564 1515 2570 ·

199 2652 361 2736 oderunt,
382 2650 611 2738 argumentis,
627 2649 699 2738 jam
718 2668 810 2718 anno
834 2647 942 2720 1619.
961 2648 993 2739 ·)
1013 2646 1130 2740 Regni
1148 2648 1395 2743 Statuspalam

199 2755 315 2848 questi
344 2758 424 2820 sunt
453 2747 598 2842 ,quod
624 2771 714 2820 non
751 2770 913 2822 omnes
949 2747 1221 2840 Magnetes,
1250 2759 1295 2822 ot
1322 2772 1395 2820 re-

197 2854 368 2946 „lictae
395 2845 576 2922 Viduae
605 2850 657 2921 ed
683 2850 888 2922 Diaetam
914 2853 1076 2922 vocari
1104 2849 1280 2940 solent,
1309 2851 1395 2921 sed

200 2951 411 3048 „plurimi
448 2961 538 3022 tem
575 2973 632 3022 ex
668 2949 913 3046 supremis
941 2947 1227 3041 Comitibus,
1257 2972 1395 3044 quam

200 3053 344 3150 ,aliia
370 3052 705 3152 negligantur“
737 3051 980 3125 subnectendo
1011 3073 1139 3148 preces
1168 3063 1236 3146 ,ut
1264 3051 1395 3125 dein-

198 3176 333 3252 ,ceps
375 3174 537 3227 omnes
572 3153 816 3248 Magnetes
855 3153 1135 3248 singillatim
1173 3153 1229 3227 ad
1255 3153 1395 3228 Diae-

198 3269 308 3350 ,tam
334 3257 606 3328 vocentur.“
652 3255 728 3327 Neo
765 3256 891 3327 desunt
926 3261 1147 3331 recentiores
1177 3260 1394 3344 sanctiones,
1475 3309 1479 3320 1

198 3359 332 3432 exteris
351 3356 468 3451 plane,
494 3377 560 3452 pro
578 3353 758 3450 Indigenis
776 3359 958 3453 receptisj,
986 3368 1108 3432 votum
1127 3361 1396 3451 sessionemque

195 3460 392 3554 largientes
421 3457 468 3549 l).

723 3653 760 3739 ς.
790 3655 875 3727 377.

448 3802 672 3877 Nobilitate
703 3807 790 3872 item
811 3741 897 3887 ¹jetro
923 3795 1089 3872 Perinde
1116 3796 1148 3869 Ι.

301 3949 504 4025 Nobilitatis
529 3949 688 4044 reliquae
717 3949 828 4043 prima
856 3945 989 4043 pariter
1007 3943 1144 4036 Regum
1173 3941 1324 4016 Periodo
1354 3943 1399 4018 ad

200 4053 408 4131 Conventus
425 4051 587 4149 publicos
606 4052 818 4141 accersitae,
837 4058 983 4146 praeter
993 4055 1189 4143 temporum
1204 4045 1400 4136 historiam,

198 4205 408 4220 mu-

232 4269 261 4336 a)
279 4270 340 4322 vid.
359 4268 527 4322 Grevamina
542 4268 569 4320 Ιιι
588 4269 667 4322 Actis
687 4267 785 4320 Cernit.
804 4265 867 4318 anni
884 4264 974 4330 ejncd.

230 4355 356 4420 ³)1716.
377 4355 438 4414 180.
456 4381 489 4397 -
508 4355 587 4419 atas,
607 4355 667 4411 188.
687 4359 716 4408 et
734 4351 795 4411 111.
814 4353 882 4408 east.
