3094 4868
253 259 328 334 204

704 423 864 507 eaput
885 421 987 492 ΙΙΙ.

181 567 189 588 “
244 553 297 642 lto
337 553 560 640 institutis
604 553 801 642 consilio
848 554 1255 642 Looumtonontioll
1304 559 1462 664 Regio

679 675 1001 766 subordinatis.

769 855 806 946 ς.
836 858 921 930 671.

559 1011 657 1082 Sunt
681 1005 776 1078 boec
802 1004 965 1098 donpierra
988 1011 1153 1097 paneros.

346 1179 414 1252 Pro
437 1176 663 1274 perficiendis
690 1175 745 1250 bis
773 1176 1034 1272 multiplicibus,
1062 1199 1104 1249 ao
1129 1176 1297 1271 gravibus
1324 1199 1455 1272 nego-

204 1281 207 1288 “
247 1281 305 1354 tiis
333 1290 477 1376 praeter
495 1279 617 1353 Officia
635 1279 843 1368 Protooolli,
872 1277 1123 1374 Expediturae,
1150 1280 1452 1374 Regestraturae,

245 1381 479 1455 Exaotoratus
506 1385 662 1477 receptis
691 1379 890 1454 nominibus
929 1384 981 1452 sio
1016 1380 1186 1477 adpellari
1211 1379 1328 1471 solita,
1374 1405 1455 1455 non

248 1483 374 1556 desunt
397 1485 498 1579 plura
534 1482 659 1572 adbuo,
696 1492 731 1555 et
768 1504 833 1579 pro
854 1481 1074 1573 objectorum
1097 1485 1293 1570 varietate,
1331 1489 1453 1575 varia,

245 1577 374 1674 munia,
403 1583 568 1679 collegia,
586 1596 691 1680 atque
706 1585 880 1674 Instituta,
909 1589 944 1658 in
969 1584 1192 1675 adjutorium,
1220 1584 1452 1680 debitumque

251 1688 412 1758 effectum
430 1686 576 1778 agendis
603 1685 876 1781 proourondum,
903 1685 963 1759 vel
982 1685 1122 1776 objecta
1152 1684 1336 1774 techniea,
1365 1711 1451 1760 ere

168 1781 171 1790 '
246 1791 411 1882 propriae
440 1791 525 1859 artis
543 1786 687 1861 uberius
707 1787 874 1876 eruenda,
903 1797 939 1858 et
965 1787 1185 1878 illustranda,
1203 1791 1297 1860 ¹intra
1324 1790 1446 1884 ipsum

247 1887 485 1966 Dioasterium
502 1889 563 1964 vel
583 1900 684 1964 extra
712 1887 798 1962 illud
822 1910 885 1962 sua
904 1891 1089 1985 provincia
1109 1887 1326 1962 defuncturo.

780 2091 814 2178 §.
845 2093 929 2166 672.

540 2245 872 2318 commemoremus
890 2241 1149 2316 Provinciam.

348 2411 472 2500 Quoad
489 2409 799 2584 rosstributariom
817 2413 853 2482 in
874 2416 1007 2506 speeie,
1034 2413 1135 2504 eujus
1157 2410 1351 2505 urgendae,
1386 2413 1450 2482 in-

246 2514 511 2608 cassandaeque
579 2536 620 2584 ra
644 2517 834 2606 antiquitus
855 2512 990 2608 Regios
1009 2513 1259 2610 Perreptores,
1288 2513 1449 2585 siveDi-

246 2626 401 2706 outores,
430 2625 465 2688 et
484 2620 520 2687 in
545 2612 773 2686 Comitatibus
794 2611 1028 2688 Centuriones
1040 2615 1082 2706 *J
1110 2613 1283 2702 manebat,
1310 2617 1445 2709 provi-

245 2718 362 2789 dentis
389 2714 507 2790 Caroli
530 2714 592 2788 Vl.
612 2703 919 2790 commissariatus
935 2717 1168 2794 Prouincialis
1190 2716 1338 2790 eundem
1367 2738 1449 2788 oum

246 2815 402 2890 Consilio
423 2816 740 2888 Locumtenentiali
758 2819 873 2910 Regio
902 2829 1016 2892 ortum
1042 2821 1176 2914 reperit
1205 2821 1251 2909 ⁸),
1280 2839 1342 2890 suo
1367 2840 1448 2888 eum

244 2919 447 3006 Direptum,
476 2938 541 2989 seu
559 2915 784 3013 Praeposito,
804 2918 1033 3016 ejusdemque
1054 2926 1154 2994 vicos
1173 2927 1330 3012 gerente,
1351 2940 1450 3012 quos

245 3019 366 3096 ambos
388 3017 621 3094 consiliarios
641 3019 684 3092 de
705 3023 855 3114 gremio,
884 3032 920 3095 et
937 3024 1036 3096 ibam
1053 3045 1123 3095 una
1143 3022 1340 3114 Magnetem
1360 3041 1449 3094 esse

247 3122 434 3218 oportebat
464 3121 511 3214 b).
549 3121 612 3197 His
649 3122 920 3197 subordinantur
937 3200 940 3208 ,
959 3126 1003 3198 de
1031 3135 1125 3198 statu
1153 3125 1309 3220 equestri
1335 3123 1450 3193 Pro-

243 3224 489 3299 vinoiales
527 3224 852 3298 commissarii
887 3226 1099 3322 decemper
1133 3230 1336 3299 universum
1362 3223 1445 3294 Re-

244 3349 375 3420 gnum,
412 3325 481 3398 boo
511 3347 558 3398 ex
585 3325 707 3398 obtutu
735 3331 770 3400 in
801 3326 947 3398 totidem
975 3328 1164 3401 Distriotus
1201 3328 1349 3402 divisum
1367 3321 1448 3415 ll),

246 3428 423 3516 oolloeoti,
449 3426 543 3498 unde
563 3429 668 3500 etiam
694 3427 1035 3504 distriotuales
1054 3440 1236 3504 vocantur.
1277 3428 1343 3516 Qui
1364 3449 1447 3498 om-

243 3549 322 3618 nes,
350 3539 575 3625 proponente
605 3539 708 3601 anteo
739 3529 895 3604 Consilio
924 3531 1253 3620 locumtenentiali,
1279 3533 1448 3604 nomina-

245 3633 352 3703 tionis
371 3632 495 3723 regiae
515 3640 609 3720 sunt,
636 3639 672 3702 ot
690 3630 862 3705 Salarium
885 3655 905 3705 e
937 3643 1058 3730 quotta
1090 3631 1347 3707 Contributioni
1375 3630 1445 3701 ad-

243 3733 341 3822 jecta
372 3732 571 3803 desumunt.

287 3875 327 3961 ⁴⁵)
352 3875 502 3956 Singulos
526 3877 703 3941 Comitatus
727 3881 764 3939 ad
789 3881 965 3944 aoouratius
990 3873 1165 3964 oolligonda
1186 3881 1303 3942 tributa
1323 3877 1450 3960 publiea

329 3963 361 4024 in
395 3961 562 4026 centurias
594 3963 761 4043 aliquando
794 3965 894 4028 inissa
927 3969 1131 4045 distributae,
1164 3967 1327 4044 uniruique
1360 3964 1448 4028 Oen-

330 4049 431 4109 turieo
464 4068 538 4111 voro
571 4047 778 4112 Centuriones
809 4053 1004 4132 praefuisse,
1039 4073 1169 4134 quorum
1202 4051 1339 4114 muneris
1371 4061 1450 4126 erat,

329 4133 478 4212 pecunias
501 4135 540 4197 ab
563 4137 670 4199 eodem
692 4135 750 4199 hoo
773 4138 864 4202 titulo
888 4140 1046 4226 rolligere,
1070 4139 1246 4223 Comitique
1271 4135 1449 4206 Comitatus

242 4257 447 4276 —u-n—-u

273 4327 301 4388 Ι)
320 4331 401 4382 172³.
419 4333 479 4384 100.
575 4355 577 4360 ·

273 4409 303 4478 b)
321 4413 374 4471 cit.
393 4416 470 4472 178³·
491 4419 553 4476 100.
