3094 4868
218 211 290 293 182

216 409 308 484 qnae
327 396 450 459 natnra
472 407 534 460 sna
554 383 783 478 caeteroquin
803 391 941 454 secreta
961 361 1187 470 esse‘debeu,
1215 403 1258 452 ac
1275 381 1428 451 nonnisi

217 514 238 564 e
256 489 412 587 politicis
430 489 672 584 respectibus,
701 490 759 581 qui
775 507 858 558 raro
878 495 1019 581 patent,
1057 506 1165 582 saepe
1184 508 1204 556 e
1225 483 1426 558 subitaneis

217 593 404 669 eventibus
433 591 585 690 provide
613 590 815 663 desumitur.

732 793 766 879 §.
797 793 881 867 629.

555 931 601 1020 In
628 943 862 1020 Foedarz'bus
890 945 1071 1020 ineundis.

215 1129 218 1136 ·
323 1095 498 1183 Foedera,
526 1093 715 1166 Nationem
740 1096 944 1166 universam
974 1091 1193 1187 obligatura,
1221 1094 1312 1164 inire
1331 1092 1429 1186 apud

221 1219 289 1272 nos
306 1201 440 1296 pariter
458 1195 579 1289 Reges
599 1196 836 1274 tantummodo
855 1199 1019 1289 respicit:
1040 1196 1192 1267 ineunda
1213 1204 1294 1268 sunt
1306 1203 1428 1267 nutem
1519 1297 1525 1302 Ι

220 1324 261 1373 re
288 1305 386 1397 prius
420 1322 497 1370 cum
528 1297 686 1370 Consilio
716 1298 918 1391 Hungaricu
949 1297 1164 1388 deliberata,
1193 1301 1228 1368 in
1257 1308 1428 1391 quantum

61 1498 65 1506 1
168 1483 170 1488 ,
221 1426 349 1498 nempe
367 1401 530 1496 Regnum
548 1402 763 1493 Hungariae,
790 1401 913 1474 veles
942 1411 1145 1495 spectantes
1165 1401 1317 1472 ditiones
1337 1403 1429 1472 atti-

219 1515 327 1594 nent3
356 1515 392 1576 et
420 1509 450 1576 si
479 1527 569 1598 quae
596 1507 632 1573 in
650 1503 704 1574 his
734 1506 878 1595 majoris
907 1508 1074 1579 momenti
1092 1507 1237 1597 negotia
1256 1507 1427 1578 interve-

220 1613 333 1696 niunt,
361 1607 441 1679 aliis
461 1609 610 1701 quoque
629 1607 803 1699 primariis
827 1607 930 1677 Vivis
949 1611 984 1677 in
1006 1607 1191 1678 consilium
1208 1609 1347 1677 vocatis
1379 1605 1425 1700 Ι).

220 1710 267 1781 Ut
286 1709 433 1781 foedera
451 1708 751 1779 indiscriminatim
782 1708 921 1798 objecta
951 1711 1150 1786 comitialia,
1169 1713 1260 1797 sint,
1288 1718 1325 1779 et
1344 1731 1426 1778 cum

216 1815 424 1884 interventu
444 1811 603 1884 Statuam
622 1807 805 1897 iacienda,
833 1831 901 1880 nec
919 1809 1024 1882 Natio
1044 1833 1196 1906 unquam
1213 1811 1426 1908 postulavit,

222 1935 291 1989 nec
310 1917 400 1987 ratio
421 1912 554 2003 Status,
581 1931 698 2008 neque
715 1911 900 2009 prudentia
920 1916 1036 2002 civilis
1055 1920 1196 2021 patitur.

743 2145 780 2230 ς.
810 2143 895 2218 630.

269 2294 505 2368 Interceptus
537 2293 719 2366 Ordinem
744 2295 871 2384 Regna·
895 2293 1102 2386 ola'quando
1131 2301 1377 2368 necessarius.

327 2441 395 2512 Ast
422 2443 452 2514 si
470 2439 618 2514 foedere
639 2443 742 2515 simili
770 2442 813 2514 de
842 2441 958 2513 lutura
984 2443 1245 2534 Successione,
1275 2455 1313 2516 ut
1341 2445 1421 2516 elim

225 2567 302 2616 curn
321 2543 450 2616 electio
469 2545 608 2640 Regum
634 2545 799 2639 vigebat,
829 2567 945 2618 sermo
966 2545 1080 2618 ieret:
1111 2549 1141 2619 si
1168 2547 1210 2618 de
1235 2547 1421 2621 Provincia

225 2647 269 2718 ad
285 2645 447 2740 Regnum
467 2655 670 2741 spectante;
692 2648 734 2719 de
752 2648 871 2742 legum
885 2641 1197 2721 fundamentalium
1211 2655 1421 2742 mutatione;

181 2787 186 2798 ·
225 2747 269 2820 de
288 2749 429 2820 turibus
451 2747 638 2839 Coronae3
668 2749 710 2821 de
731 2752 897 2822 oneribus
917 2774 982 2845 per
999 2753 1161 2846 Regnum
1181 2755 1421 2842 assumendis,

223 2853 284 2923 vel
302 2855 332 2922 si
362 2851 404 2922 de
438 2851 603 2924 subsidiis
634 2875 698 2947 per
726 2853 945 2946 Regnicelas
976 2854 1133 2927 ferendis
1163 2858 1336 2948 agendum
1365 2859 1420 2944 sit,

124 2978 127 2996 ¹
224 2961 307 3024 tunc
327 2961 424 3025 certe
442 2955 559 3048 Regni
579 2953 747 3026 Ordinum
768 2976 980 3027 eonsensum
999 2961 1185 3051 negligere
1201 2961 1334 3048 justum
1350 2953 1421 3030 non

225 3055 331 3145 foret,
360 3057 453 3150 quod
481 3062 572 3129 ratio
601 3061 679 3153 ipsa
708 3059 911 3149 confirmat,
940 3069 1010 3132 tum
1041 3062 1134 3160 quud
1162 3061 1264 3154 leges
1285 3063 1421 3152 obiecta

76 3195 77 3198 ¹
187 3242 189 3247 ¹
225 3160 292 3230 ista
322 3159 366 3231 ad
393 3161 588 3233 comitiales
616 3161 801 3234 Tractatus
832 3185 1005 3258 expresse
1036 3169 1323 3253 reservaverint,
1352 3174 1422 3245 tum

226 3265 306 3355 quia
325 3283 428 3335 secus
447 3266 635 3337 insalutato
656 3266 800 3358 populo,
822 3268 1025 3338 constitutio
1040 3270 1187 3359 quaevis
1199 3290 1264 3362 per
1276 3266 1422 3340 foedera

225 3360 445 3456 labefactari,
471 3368 541 3438 imo
561 3366 767 3461 simpliciter
786 3366 916 3439 cavelli
935 3378 1060 3463 posset
1090 3368 1136 3460 ¹’).
1166 3386 1168 3390 ’

751 3588 788 3675 §.
818 3590 903 3662 631.

524 3738 635 3826 Quod
659 3704 771 3812 etium
799 3739 973 3842 exemplo
1001 3740 1146 3816 ducent.

329 3883 505 3959 Habemus
525 3908 664 3982 quoqne
684 3886 867 3963 foederum
886 3893 939 3962 sic
951 3894 1118 3964 initorum
1130 3892 1304 3986 exempla,
1324 3892 1423 3981 cujus

226 3993 371 4082 generis
391 3999 472 4064 suut
491 3989 666 4078 Tabulae,
694 3995 794 4086 queis
814 3992 953 4083 Status,
982 4002 1017 4065 et
1045 3993 1194 4065 Ordines
1214 3995 1422 4088 ,Hungeriae

226 4089 512 4184 Successionem,
541 4115 643 4187 quam
661 4091 904 4198 sigismundus
924 4097 966 4168 ad
990 4118 1122 4187 casum,
1151 4100 1182 4169 si
1201 4097 1332 4193 absque
1353 4095 1422 4169 filio

229 4260 426 4276 ψ.-

255 4331 279 4395 l)
300 4331 377 4386 1711.
396 4335 439 4385 11.
459 4336 641 4388 -1791.17.

254 4417 283 4484 b)
304 4419 422 4474 Consule
440 4423 550 4476 aretin:
570 4418 734 4490 &tentandi
754 4423 784 4476 Τ.
799 4423 831 4476 li.
846 4435 870 4488 p.
891 4419 950 4476 14³.
1056 4421 1057 4428 ’
