3110 4882
261 269 338 348 tto

744 427 906 516 capara
927 426 985 500 V·

323 573 377 652 ito
415 564 607 675 polittoa
643 562 939 648 comitatuum
976 559 1413 648 tdmtoistratiooo.

798 772 806 788 .
836 719 921 791 683.

559 715 830 937 Argumentdm
855 845 967 930 bosuc
998 844 1152 935 Capina.

364 995 417 1065 De
442 991 559 1085 Regni
588 989 789 1084 Hungariae
814 991 1005 1086 partitione
1033 991 1070 1062 in
1099 986 1316 1080 Comitatus„
1345 989 1482 1086 deque

196 1139 199 1146 .
261 1099 384 1171 bonurn
400 1097 525 1185 juxta,
555 1115 597 1163 ao
615 1092 866 1186 Supremorum
886 1088 1059 1163 Comitum
1079 1091 1236 1163 exordiis
1255 1092 1393 1164 dictum
1414 1106 1481 1166 est

265 1205 339 1273 suis
357 1198 467 1270 locis:
496 1195 609 1290 qualis
640 1203 756 1266 autern
774 1203 858 1264 tune
875 1195 1011 1266 veteris
1039 1193 1142 1282 hujus
1161 1193 1312 1266 Instituit
1333 1194 1477 1285 forma,

262 1325 304 1375 ac
333 1311 488 1396 systema
525 1296 654 1385 luerit,
691 1319 778 1389 quas
811 1297 891 1368 dein
927 1295 1193 1368 vicissitudines
1223 1318 1288 1390 per
1316 1296 1477 1370 diversa

260 1413 457 1498 temporum
476 1398 662 1470 intervalla
674 1399 833 1486 subierit,
847 1418 985 1491 quaeve
1002 1401 1157 1489 viguerit
1176 1401 1301 1491 quovis
1321 1399 1474 1493 epocha

259 1509 512 1597 negotiorum
549 1504 584 1571 in
611 1497 842 1572 Comitatibus
882 1500 1166 1587 tractandorum,
1210 1503 1329 1588 ratio,
1373 1523 1475 1594 quae

261 1611 400 1680 interna
429 1603 647 1696 singulorum
675 1605 903 1689 constitutio,
933 1623 1079 1695 quorum
1099 1604 1251 1672 omnium
1268 1621 1352 1696 pars
1383 1625 1474 1674 ma-

260 1713 354 1780 xima
373 1711 408 1777 in
428 1699 643 1794 'conjecturis
673 1704 850 1791 subsistit,
879 1703 993 1774 thema
1011 1739 1064 1754 -
1090 1702 1250 1774 cedo-
1272 1725 1344 1774 non
1364 1705 1473 1794 inju-

264 1810 412 1880 cundum
431 1810 584 1902 penitius
613 1806 774 1898 ingredi,
803 1817 906 1899 atque
936 1805 1113 1876 discutere
1142 1826 1214 1877 non
1244 1815 1299 1876 est
1319 1807 1471 1877 consilii

262 1913 399 1998 nostri3
428 1919 557 2002 quanta
575 1909 681 2001 igitur
699 1911 851 1980 veritate
871 1913 1045 1995 nitantur,
1074 1929 1164 2000 quae
1190 1908 1233 1978 de
1252 1907 1322 1978 illis
1340 1907 1469 1980 Fran-

262 2015 378 2084 ci'scus
411 2010 567 2084 Adamus
595 2009 718 2081 llolldr
748 2012 804 2103 ⁸),
844 2009 936 2105 Pray
965 2007 1022 2100 ¹³),
1060 2019 1164 2101 atque
1195 2009 1400 2104 complures
1435 2011 1471 2099 ⁰)

260 2115 501 2201 tradiderunt,
537 2111 663 2184 lubens
700 2114 743 2182 iis
772 2112 934 2204 relinquo
972 2111 1306 2205 pervestigandum‚
1335 2111 1469 2204 quibus

262 2216 305 2287 ad
323 2219 461 2289 Patriae
488 2214 680 2285 Historiam
707 2212 948 2286 illustrandam
976 2211 1061 2283 illud
1086 2217 1255 2308 prosequi
1274 2215 1469 2304 inanimo,

261 2340 304 2390 aa
333 2318 469 2390 deliciis
489 2315 605 2389 luerit.

808 2573 816 2590 .
846 2521 931 2594 684.

456 2636 459 2644 ’
581 2520 839 2738 Congrcpado'o
871 2647 1130 2719 Comatamam.
1192 2653 1194 2660 ’

364 2793 422 2867 Uti
439 2815 529 2868 vcro
558 2790 751 2866 Comitatus
780 2792 885 2872 modo
915 2795 1119 2888 provisorio
1149 2793 1343 2866 adhucdum
1371 2817 1465 2890 per-

263 2900 393 2972 sistere
412 2896 616 2966 sinebantur
652 2895 706 2986 (§.
730 2897 851 2985 677),
881 2917 1003 2966 eorum
1038 2898 1153 2989 quivis
1179 2919 1262 2992 pars
1290 2906 1358 2986 est
1395 2919 1464 2969 seu

260 2997 482 3104 provinciola
508 2996 690 3092 quaedam
718 3000 755 3068 in
772 2998 892 3095 plures
919 2998 1110 3084 districtus,
1140 3009 1197 3069 aut
1214 3039 1266 3052 -·
1283 3004 1464 3073 usitatiori

259 3113 382 3174 nostra
401 3100 568 3195 loquendi
596 3098 745 3172 formula
763 3140 813 3154 --
831 3102 1026 3172 Processus
1054 3100 1204 3190 tributa,
1239 3105 1341 3193 eujus
1370 3126 1473 3196 gre-w

260 3203 375 3276 mialis
402 3203 568 3275 nobilitas
598 3224 727 3298 corpus
747 3203 918 3291 Statuum,
955 3211 991 3272 et
1010 3201 1177 3274 Ordinum
1198 3205 1346 3294 junctim
1375 3205 1462 3278 eitt-

263 3311 361 3377 ciens
381 3327 445 3376 suo
475 3327 552 3376 cum
578 3305 809 3397 Magistrum,
849 3302 983 3397 subque
1011 3303 1119 3396 legali
1140 3304 1368 3377 Moderatore
1387 3329 1461 3402 pu-

258 3406 351 3478 blica
370 3409 527 3498 negotia,
556 3410 673 3478 causis
692 3405 867 3494 civilibus,
896 3415 932 3477 et
950 3407 1185 3478 criminalibus
1205 3407 1459 3502 demtiquuae

259 3518 366 3580 -ut
394 3529 459 3580 suo
488 3508 571 3578 loco
599 3506 727 3579 redibit
750 3545 802 3562 --
829 3513 865 3578 in
897 3507 983 3578 sede
1013 3505 1245 3580 comitatuum
1264 3509 1459 3582 ‚ludiciaria

261 3619 539 3703 cognoscuntur,
566 3610 703 3705 reliqua
732 3621 802 3681 tarn
826 3608 983 3704 politica,
1014 3631 1116 3701 quarn
1145 3612 1388 3700 oeconomica,
1417 3635 1460 3684 re

259 3712 442 3784 tributaria
460 3713 601 3782 minime
620 3721 784 3808 excepta,
814 3734 860 3783 ex
877 3714 994 3783 veteri
1024 3713 1196 3804 instituta
1221 3722 1259 3782 st
1275 3710 1459 3804 libertate,

257 3814 301 3886 ab
328 3816 415 3909 ipsis
442 3813 697 3908 propemodum
726 3814 843 3906 Regni
870 3811 1052 3886 cunabulis
1089 3823 1296 3889 occurrente
1326 3809 1385 3907 a),
1423 3821 1460 3888 in

255 3965 459 3982 ffl-

285 4029 311 4093 ·)
330 4033 360 4084 ln
380 4033 451 4087 litat.
469 4033 530 4085 dur.
549 4033 626 4090 ruat.
645 4033 911 4114 Amoeuitavclum.
929 4041 1055 4102 utroque.

286 4117 313 4181 ¹³)
333 4120 404 4182 vray
429 4119 456 4170 tn
476 4119 560 4173 thlt.
579 4121 701 4174 sallitat.
720 4121 812 4187 flung.
833 4137 857 4187 p.
875 4123 920 4176 73.
938 4129 965 4176 at
982 4135 1041 4186 seq.

285 4207 310 4272 a)
328 4206 491 4263 Nominatiua
512 4207 618 4260 Katoua
635 4209 705 4264 illst.
725 4210 791 4262 crit
809 4212 840 4263 Τ.
868 4215 892 4264 1.
910 4227 934 4276 p.
961 4211 1005 4262 86.
1034 4215 1064 4260 at
1084 4224 1140 4276 seq.
1159 4205 1316 4262 Kovacbiob
1344 4205 1371 4256 im
1391 4206 1458 4264 Not.

333 4277 539 4411 dllffiafffl
558 4285 612 4332 not.
632 4279 695 4344 dipl.
714 4286 771 4332 vet.
790 4281 887 4333 const.
906 4279 1002 4332 comit
1020 4304 1056 4315 -
1073 4281 1158 4333 orato.
1176 4277 1233 4333 met.
1251 4303 1287 4314 -
1305 4277 1459 4330 utnon-

285 4425 313 4496 ¹)
333 4432 436 4488 Golom.
456 4436 490 4488 Ι).
509 4436 539 4486 L.
559 4437 584 4488 1.
603 4434 633 4490 (l.
650 4429 852 4490 28.-36.’-87.
