3138 4858
156 195 250 269 ,44

201 397 253 416 -
278 363 472 456 praeterito
498 361 597 434 Baro
626 397 678 413 -
702 359 979 434 Tavernicorum
1013 357 1201 454 Regalium
1228 361 1401 456 Magister

202 465 427 536 sustinuerat.
456 463 630 558 Reliquis,
656 464 875 559 inquantum
894 462 1255 536 scilicetProceribus
1276 476 1401 539 contre

201 565 475 660 distinguuntur,
513 566 658 661 proprio
695 565 734 635 in
761 563 895 635 Palatio
929 563 1134 637 Personalis
1167 565 1399 640 Praesentiae

200 668 336 760 Regiae
356 671 393 740 in
414 667 561 740 Judiciis
580 668 839 738 locumtenens
870 665 925 756 ·);
953 688 1056 760 quem
1077 671 1109 739 si
1126 667 1287 765 impediri
1306 691 1400 742 cen-

199 771 361 862 tigisset,
405 771 717 856 Vico-Palatinus,
752 778 824 840 tum
843 766 1075 842 Vico-ludex
1104 766 1232 841 Curiae
1262 771 1399 866 Regiae

201 872 384 966 exemplis,
421 871 478 943 hic
505 875 637 966 pariter
670 869 932 944 observantiam
957 871 1320 964 praemonstrantibus
1350 874 1399 966 l’),

201 971 424 1067 supplebant.
451 973 559 1045 Facta
577 974 829 1061 immutatione,
848 971 1005 1043 Tabulae
1031 973 1224 1046 Procerum
1251 975 1400 1049 Praesi-

201 1073 292 1164 dem,
320 1096 486 1147 necnon
512 1075 615 1165 hujus
642 1079 743 1148 vices
770 1084 954 1166 gerentem
982 1078 1165 1147 nominare
1183 1077 1296 1172 Regis
1323 1088 1399 1168 est,

200 1176 243 1248 ad
263 1176 406 1248 alteram
421 1176 633 1266 ordinemne,
653 1199 694 1247 ac
712 1176 1017 1250 Viae-Praesides
1035 1177 1107 1250 bini
1126 1189 1267 1252 secreto
1293 1202 1399 1254 scru-

120 1322 122 1325 -
198 1281 299 1367 tinio,
328 1278 513 1373 utrobique
540 1279 650 1368 illico,
680 1278 759 1350 dum
780 1278 932 1352 Senatus
950 1283 1098 1376 primum
1127 1283 1301 1373 considet,
1328 1307 1394 1379 pro

198 1381 363 1456 triennali
393 1378 622 1454 conitiorum
649 1387 809 1478 tempore
839 1385 1007 1454 constitui
1030 1382 1220 1475 jubentur,
1249 1386 1395 1459 durante

198 1485 329 1576 exigua
360 1483 638 1580 intercapedine,
674 1489 796 1557 senior
823 1484 966 1578 collegii
985 1485 1106 1558 sedem
1134 1487 1304 1562 Praesidii
1330 1511 1396 1561 ac-

199 1589 303 1680 cepit.

725 1783 763 1868 §.
790 1783 877 1857 393.

595 1935 798 2006 Iacdoctr‘o
824 1935 994 2006 Da‘aetae.

297 2103 408 2178 Moris
440 2116 539 2196 erat,
584 2116 622 2179 ut
661 2105 875 2180 adventante
915 2106 1085 2180 habendis
1125 2105 1283 2180 Comitiis
1324 2108 1393 2198 die,

200 2205 355 2280 Membra
370 2207 543 2281 ttiaeratia
561 2231 645 2281 mox
663 2230 771 2280 causa
789 2208 935 2280 honoris
953 2209 1070 2302 Regni
1084 2209 1263 2282 Primores
1281 2231 1394 2283 revo-

199 2318 321 2380 renter
339 2307 493 2398 adirent,
521 2321 650 2383 exacto
669 2319 795 2404 postea
820 2310 959 2399 triduo,
985 2312 1046 2383 vel
1065 2311 1264 2406 quatriduo,
1283 2317 1393 2405 prae-

201 2409 371 2494 stolandis
400 2408 602 2484 absentibus
629 2411 704 2482 dari
733 2412 863 2498 solito,
893 2410 1068 2508 ductoque
1097 2413 1139 2484 ab
1166 2417 1394 2487 invocatione

198 2513 317 2586 Divini
345 2507 505 2584 Numinis
534 2513 675 2585 solenni
708 2514 831 2602 initio,
866 2523 950 2608 post
979 2524 1171 2590 consuetas
1203 2515 1394 2590 sessiones

197 2617 483 2710 praeparatorias
508 2611 572 2706 lJ,
612 2618 711 2710 ipsae
740 2615 880 2688 tandem
909 2617 1190 2694 consultationes
1220 2615 1392 2693 diaetales

199 2721 415 2813 occipercnt.

241 2861 281 2948 l)
304 2860 365 2923 His
396 2863 566 2926 adnumero
598 2863 808 2927 salutationes
853 2867 996 2929 Stetuum
1035 2877 1179 2946 mutuas3
1214 2870 1394 2936 electionem

280 2947 509 3027 Deputatorum
540 2952 578 3011 ad
609 2949 824 3027 salutandum,
855 2961 885 3015 et
914 2953 1111 3017 invitandum
1145 2955 1277 3039 Regem,
1299 2957 1396 3044 hujus

280 3035 446 3097 adveutum
477 3054 545 3098 cum
569 3035 755 3099 solenni-
778 3037 842 3100 uisi
864 3038 958 3102 aliter
976 3037 1086 3123 jubeat
1110 3077 1150 3088 -
1173 3044 1337 3128 ingressu,
1367 3054 1396 3110 et

281 3121 460 3202 exceptione
483 3120 693 3208 conjunctum,
717 3143 834 3205 quaeve
857 3134 930 3188 sunt
952 3126 1047 3190 istius
1069 3129 1195 3212 generis
1214 3131 1344 3214 reliqua,
1363 3134 1396 3196 in

281 3207 359 3272 aclis
383 3208 571 3274 diaetalibus
596 3209 666 3274 fuse
689 3213 844 3276 adnotate.

617 3491 619 3496 k
719 3401 755 3488 e.
786 3402 871 3476 aaa.

379 3572 521 3647 Tabala
548 3577 722 3648 Statuam
749 3581 945 3666 superior,
974 3593 1010 3648 at
1035 3584 1205 3670 refertor.
1328 3649 1331 3654 .

294 3743 417 3816 Liceat
441 3749 653 3840 antiquatam
680 3745 907 3821 Comitiorum
927 3749 1075 3821 formem
1099 3749 1192 3820 ultro
1220 3749 1391 3837 historice

190 3848 371 3943 prosequi.
401 3845 577 3937 Senatus,
605 3851 655 3919 uti
683 3850 855 3939 diximus,
883 3853 1074 3924 Procerum
1101 3872 1215 3942 unus,
1243 3860 1281 3923 'et
1299 3853 1389 3924 alter

191 3947 369 4038 Statuam,
398 3947 525 4021 dudum
552 3951 588 4020 in
607 3955 782 4046 separetis
802 3952 1030 4025 conclavibus
1051 3953 1227 4027 ordinarie
1248 3975 1388 4028 conve-

162 4050 344 4124 niebant.
379 4051 482 4137 Quod
511 4049 683 4126 adversus
709 4053 810 4147 leges
842 4057 1079 4145 clarissimas,
1115 4057 1254 4156 aliaque
1282 4057 1388 4131 lucu-

191 4197 397 4212 —uu—-n—

220 4267 249 4334 ⁴)
267 4269 364 4336 (tolllg.
384 4271 458 4323 istud
477 4285 511 4324 cx
529 4272 608 4325 1662.
627 4272 670 4327 5³.
689 4279 716 4324 et
729 4288 783 4326 usu
799 4280 871 4328 caut.

219 4353 246 4421 t)
266 4353 330 4410 vlu,
341 4361 395 4414 act.
410 4357 497 4416 viaet„
517 4359 615 4428 compl
631 4360 720 4428 negat
739 4361 874 4417 convent.
