3138 4858
232 226 307 303 vro
428 207 432 212 ’

231 397 371 488 vineis,
406 417 560 493 puscuo,
587 399 761 472 interdurn
790 401 964 497 separatis
995 399 1100 474 etiam
1132 396 1243 476 silvis.
1281 395 1344 472 Ill.
1372 400 1430 473 Ad

234 521 379 573 cousum
400 501 576 572 fructuum
598 501 838 593 silvestrium,
860 512 918 592 et,
935 502 994 575 ubi
1016 502 1186 576 hactenus
1207 505 1430 599 praeviguo-

231 613 307 693 rut,
336 601 379 674 ad
396 601 572 694 lignorum
589 601 777 694 localium,
805 615 841 678 et
864 603 1028 677 aedilium
1048 603 1271 694 beneficium,
1289 606 1430 676 tametsi
1544 634 1545 642 ¹

233 705 347 777 silvae
362 707 399 774 in
410 707 642 798 possessione
664 706 833 778 duntaxat
844 707 985 778 Domini
997 709 1246 778 consisterent.
1263 705 1323 779 iv.
1341 705 1430 778 Tum

233 805 396 892 educilli,
425 805 795 903 glandinationisque,
829 811 931 898 juxta
960 810 1214 904 praescriptam
1242 807 1428 901 regulam3

232 906 309 979 aliis
330 907 534 1003 quibusdam
554 920 743 1003 praeterea
766 908 961 984 favoribus.

787 1110 795 1127 .
825 1059 910 1131 312.

369 1059 783 1274 procreationemque?
793 1183 925 1256 stabili
949 1203 1087 1256 norma
1115 1182 1283 1269 definitis.

332 1306 402 1377 Pro
428 1305 484 1378 his
512 1307 670 1379 vicissim
695 1305 941 1402 obligabantur
967 1317 1151 1403 praestaro
1178 1306 1330 1380 Domino
1361 1328 1427 1380 suo

232 1412 270 1478 1.
287 1407 500 1480 Domiciliati
522 1429 666 1482 censum
685 1430 836 1482 annuum
854 1409 1040 1482 admodum
1058 1408 1198 1480 exilem.
1227 1411 1262 1482 2.
1290 1408 1323 1480 N
1326 1430 1428 1482 onam

231 1529 278 1579 ex
297 1507 471 1600 frugibus,
500 1519 535 1580 et
561 1512 645 1582 vino
675 1513 749 1582 suis
774 1514 809 1581 in
838 1510 956 1582 lundis
985 1519 1198 1602 procreato,
1227 1531 1428 1604 operasque

231 1608 493 1696 determinatas,
521 1609 586 1679 sed
608 1630 698 1701 quae
720 1618 900 1702 nequeunt
920 1611 1062 1700 augeri,
1089 1607 1151 1681 vel
1181 1630 1258 1678 cum
1291 1611 1428 1682 Rustici

230 1710 434 1799 gravamine
457 1708 558 1779 alteri
581 1709 726 1797 elocari,
754 1719 813 1780 aut
823 1709 884 1780 illo
904 1709 1113 1797 reluctante,
1131 1711 1167 1778 in
1188 1708 1290 1779 aliam
1312 1733 1428 1805 prae-

150 1833 153 1840 ·
230 1810 393 1882 stationis
410 1811 566 1903 speciem
588 1812 768 1898 converti3
794 1808 907 1883 verbo
929 1811 963 1882 3.
991 1807 1130 1879 Nullam
1150 1821 1293 1905 praeter
1318 1832 1428 1906 prae-

230 1913 336 1985 missa
358 1912 502 1984 servitia
524 1929 588 1981 seu
608 1909 825 2005 personalia,
854 1914 932 1985 siva
948 1911 1070 2000 realia,
1087 1911 1148 1984 vel
1168 1911 1249 1982 alibi
1266 1910 1427 1984 locorum

229 2015 358 2106 vigens
389 2011 600 2084 laudemium
625 2014 772 2105 exigere
801 2017 977 2107 integrum
1002 2011 1079 2084 luit.
1116 2012 1284 2098 Quamvis
1314 2024 1429 2086 autem
1521 2071 1523 2076 .

230 2113 350 2205 fundi,
379 2135 482 2208 quem
514 2114 694 2204 incolunt,
723 2118 983 2209 excoluntque,
1010 2118 1262 2208 proprietatem
1288 2115 1429 2186 Domini

230 2219 412 2288 terrestris
440 2215 561 2307 leges,
589 2225 707 2287 ectum
737 2218 907 2311 perlatae,
935 2219 1175 2308 pronuntient,
1203 2214 1428 2287 nibilominus

232 2317 268 2388 hi
283 2316 325 2387 ab
343 2315 468 2388 iisdem
488 2336 675 2411 nunquam,
702 2321 771 2390 nisi
799 2314 843 2388 ob
864 2335 1006 2386 causam
1026 2315 1164 2385 unicam
1185 2315 1341 2385 disertim
1357 2336 1428 2385 ex·-

232 2437 393 2512 pressam
422 2413 466 2510 ⁸),
494 2426 531 2488 et
549 2424 632 2488 tunc
652 2437 793 2512 quoqne
818 2417 960 2487 nonnisi
982 2413 1129 2486 authore
1147 2414 1317 2487 Praetura
1341 2435 1427 2508 erga

232 2521 372 2615 plenam
399 2517 727 2588 indemnisationcm
755 2518 879 2605 adimi,
923 2517 985 2589 vel
1016 2519 1103 2588 citra
1137 2515 1367 2611 aequivalens
1391 2519 1427 2588 in

233 2621 323 2692 alios
356 2619 548 2716 permutari
577 2617 822 2707 admittuntur,
860 2639 968 2712 super
998 2616 1122 2711 quibus
1154 2617 1427 2709 obligationibus

233 2721 360 2792 mutuis
388 2717 535 2790 liberum
566 2719 705 2814 quidem
726 2721 887 2792 relictum
913 2716 1048 2807 fuerat,
1085 2728 1287 2791 contractus
1314 2720 1428 2790 forma

232 2820 339 2912 legali
357 2821 401 2890 ad
421 2829 570 2913 tempus,
597 2821 657 2892 vel
682 2825 718 2892 in
743 2829 951 2916 perpetuum
970 2817 1124 2908 ineundi,
1152 2838 1292 2914 semper
1310 2829 1426 2891 tamen

232 2924 376 2994 nonnisi
393 2920 485 3013 legis
505 2923 713 3014 provisione
730 2942 796 3018 pro
819 2921 966 2995 subditis
992 2919 1225 3010 faventiores,
1252 2941 1427 3016 nunquam

233 3031 348 3094 autem
376 3024 563 3114 graviores
594 3021 637 3117 ¹³).

759 3149 796 3233 §.
826 3149 911 3220 313.

656 3271 777 3345 Multo
806 3293 852 3344 ac
879 3287 1000 3344 antec.
1197 3373 1200 3378 Ι

336 3395 453 3482 Absit,
479 3403 519 3464 ut
548 3394 769 3485 contendam,
797 3393 882 3466 nihil
902 3394 1035 3484 luisse,
1064 3392 1158 3489 quod
1188 3392 1336 3464 colonus
1362 3411 1427 3463 seu

230 3517 297 3594 pro
329 3507 441 3570 status
471 3496 525 3567 sui
556 3496 759 3568 conditione
795 3506 919 3591 optare
949 3503 1156 3591 praeterea,
1191 3493 1252 3564 vel
1284 3493 1327 3562 de
1355 3511 1425 3586 quo
1466 3557 1470 3565 .

231 3601 419 3670 retroactis
441 3597 505 3670 sub
523 3597 671 3690 epochis
693 3620 764 3670 non
782 3599 865 3687 jure
886 3595 1056 3691 conqueri
1076 3594 1261 3687 aliquando
1283 3597 1427 3688 potuis-

232 3710 306 3787 set,
334 3699 404 3770 hoc
427 3709 544 3768 tamen
570 3702 723 3772 veritate
753 3700 842 3770 duce
874 3698 1023 3771 fidenter
1052 3697 1223 3782 enuncia,
1259 3694 1340 3766 illos
1368 3695 1426 3787 qui

232 3812 365 3875 sortem
388 3800 596 3871 colonorum
620 3803 655 3872 in
679 3799 857 3892 Hungaria
884 3801 1057 3872 aterrimis
1080 3798 1271 3888 depingunt
1289 3796 1426 3868 colori-

230 3903 308 3992 bus,
336 3912 372 3974 et
391 3898 435 3972 ad
450 3911 620 3991 nostram,
647 3903 855 3996 Patrumque
872 3903 1074 3972 memoriam
1094 3919 1160 3970 nos
1180 3897 1224 3966 de
1242 3896 1426 3970 inhumana

232 4006 357 4076 duritie
378 4005 544 4075 continuo
575 4027 744 4078 accusare
765 4003 957 4076 adhucdum
984 4022 1057 4073 non
1085 3999 1258 4089 desinunt,
1287 4003 1426 4071 nimium

232 4109 434 4192 exstitisse,
471 4114 686 4199 exstareque
719 4109 914 4197 injuriosos
940 4101 992 4199 ᾗ).
1031 4101 1263 4196 Ignorabatur
1298 4105 1426 4198 quippe
1539 4135 1540 4168 t

278 4253 433 4262 *—

227 4251 284 4359 Ἷ)
302 4299 332 4349 P.
348 4300 382 4351 ll.
401 4299 466 4350 Tltt.
483 4295 528 4350 io.

258 4361 286 4429 b)
306 4367 368 4418 Vld.
382 4367 471 4419 inetur
486 4367 607 4420 omnium
625 4368 703 4422 1886.
717 4369 742 4422 8.
