3138 4858
225 241 270 316 12

301 404 408 467 mitius
430 423 501 468 esse
522 407 654 483 reputo,
683 418 774 480 quam
803 405 886 484 qued
916 402 971 466 alii
993 407 1151 482 statuunt,
1183 397 1412 482 expeditionem

299 491 441 553 Andreae
462 490 502 554 11.
525 489 557 551 in
580 487 786 551 Palaestinam
809 497 985 570 susceptam
1002 490 1067 582 ¹),

739 677 776 764 §.
805 679 891 751 334.

505 826 558 901 Et
571 825 805 919 rela’quarum
822 829 1117 901 Proudwa‘uruna

320 968 453 1046 Galicia
482 971 684 1071 praesefert
711 975 785 1047 tras
815 994 968 1046 coronas
998 994 1144 1064 aureas,
1172 976 1288 1047 veteri
1308 995 1408 1045 more

218 1073 441 1168 cuspidatus,
467 1077 504 1148 iu
523 1096 645 1169 campo
666 1075 844 1148 cacruleo.
872 1074 1132 1166 Lodomeriae,
1161 1078 1239 1148 sive
1267 1075 1412 1147 Vlodo-

217 1178 361 1266 misiae,
397 1177 541 1253 Scutum
568 1198 681 1272 aeque
710 1177 911 1249 caeruleum
936 1178 1041 1256 binae
1067 1176 1226 1266 fasciae,
1264 1181 1414 1250 tesseris

217 1275 364 1367 rubeis,
402 1279 630 1372 candidisque
681 1276 897 1370 distinctae,
944 1284 1177 1353 transversim
1215 1289 1409 1373 permeant.

217 1378 326 1450 Rama
343 1400 409 1473 pro
428 1383 559 1474 insigni
577 1379 758 1451 brachium
776 1390 925 1474 argento
946 1379 1226 1477 cataphractum,
1255 1385 1410 1453 strictam

218 1482 441 1554 dextrorsum
468 1483 613 1557 vibrans
641 1480 830 1573 frameam,
874 1486 911 1554 in
939 1505 1061 1578 campo
1091 1485 1251 1554 coccinio
1282 1481 1411 1572 habet3

219 1583 346 1657 Servia
364 1595 468 1679 caput
496 1588 572 1678 apri
602 1584 799 1672 silvestris,
828 1587 990 1678 sagittam
1014 1582 1184 1669 rubeam,
1214 1586 1266 1656 ori
1293 1588 1412 1678 impo-

219 1687 321 1758 sitam
338 1705 489 1776 gerens,
517 1687 552 1756 iu
571 1704 693 1777 campo
715 1693 906 1777 argenteo,
935 1683 1100 1757 Cumania
1130 1707 1239 1780 porro
1258 1688 1294 1758 in
1313 1709 1413 1759 cam-

217 1809 264 1882 po
283 1807 392 1857 aureo
420 1785 575 1856 Leonem
604 1788 742 1877 nigrum
761 1796 918 1857 erectum
946 1787 1190 1876 dextrorsum,
1216 1790 1413 1859 anteriori-

217 1887 282 1960 bus
301 1884 469 1980 pedibus,
488 1886 532 1958 ad
549 1896 686 1982 raptum
705 1891 905 1982 protensis,
924 1889 1045 1982 lingva
1063 1887 1257 1961 rubicunda
1275 1898 1412 1979 exerta,

221 1990 331 2062 cauda
364 1998 446 2083 post
475 1996 615 2082 tergum
643 1991 828 2083 projecta,
857 2000 894 2061 et
918 1991 1156 2062 radicantibus
1186 2012 1281 2085 ponc
1310 2001 1415 2084 caput

219 2093 344 2186 ipsius,
372 2129 424 2142 -
449 2088 530 2162 binc
557 2083 790 2162 decrescente
817 2091 899 2162 luna
930 2093 1169 2180 corniculata,
1197 2093 1294 2165 illinc
1312 2093 1416 2164 stella

225 2192 419 2287 sexangula
442 2201 591 2286 utraque
619 2190 739 2262 rubea.
789 2191 857 2262 Pro
886 2193 1051 2285 Bulgaria
1079 2193 1229 2287 denique
1257 2197 1293 2265 in
1313 2204 1413 2266 scuto
1452 2224 1455 2230 ¹
1548 2245 1549 2252 1

224 2295 335 2366 rubeo
355 2304 427 2365 tres
445 2295 607 2384 vertagi,
637 2291 703 2364 sibi
722 2296 959 2386 superpositi,
985 2297 1148 2366 visuntur
1174 2292 1229 2385 Ἴ.
1258 2295 1415 2386 subjici-

226 2418 302 2471 mus
327 2396 463 2467 demum
492 2393 759 2466 Transilvaniae
788 2392 953 2483 Soutum,
981 2394 1076 2489 quod
1093 2417 1158 2490 por
1176 2396 1327 2468 medium
1349 2397 1417 2468 du-

227 2506 283 2570 cta
310 2496 421 2570 fascia
449 2495 600 2567 divisum
628 2497 866 2590 conspicitur,
894 2498 993 2587 cujus
1020 2519 1178 2594 campum
1197 2501 1418 2591 superiorem

227 2600 427 2673 caeruleum
445 2597 560 2691 aquila
579 2599 802 2669 crescensin
821 2600 986 2671 comitatu
1006 2600 1119 2688 soliS,
1148 2609 1184 2672 et
1202 2598 1330 2689 lunae;
1357 2604 1417 2673 iu-

226 2702 394 2775 ferioram
420 2707 535 2769 autem
563 2709 792 2791 argenteum,
821 2700 966 2775 castella
998 2710 1153 2796 septam,
1183 2709 1333 2793 quatuor
1352 2725 1419 2776 su-

226 2800 418 2899 partribus
438 2809 622 2896 occupant.

268 2923 307 3010 s)
328 2921 519 2986 Auctoribus
541 2921 592 2984 bic
613 2921 744 2986 multum
767 2941 861 3004 saepe
883 2923 1090 3001 variantibus,
1113 2921 1342 3004 depromsimus
1360 2923 1424 2988 ista

310 3006 694 3156 Riiifflbosb'iiibt
723 3008 987 3158 tibitibi
1001 3009 1277 3158 „iustitiis
1309 3018 1423 3158 titt?

311 3116 489 3261 {isdemque
511 3178 545 3240 in
568 3180 746 3242 memoriam
769 3115 858 3242 gaug
874 3115 1000 3259 ceduritff
1019 3201 1055 3244 ex
1077 3117 1162 3244 sorba
1181 3201 1271 3263 quam
1289 3143 1422 3245 maxime

311 3268 506 3330 authentico:
528 3263 706 3344 Diplomate
728 3265 873 3328 videlicet
894 3268 1011 3349 Regiae
1028 3267 1235 3332 scientiarum
1251 3267 1420 3331 Universi-

312 3355 385 3417 tatis
406 3350 604 3429 Hungaricaa
622 3351 842 3428 fundationali,
865 3355 947 3433 quod
970 3361 1078 3418 cuncta
1099 3357 1140 3418 ad
1162 3355 1343 3417 ammussim
1363 3355 1420 3416 de-

311 3441 394 3520 picta
416 3435 569 3514 continet,
592 3443 622 3502 et
640 3435 733 3522 cujus
755 3438 907 3520 originale
929 3441 961 3503 in
977 3440 1114 3504 Archino
1132 3441 1232 3523 Regni
1249 3439 1421 3521 repositum

311 3525 376 3609 ipsi
397 3520 603 3606 inspeximus.
1077 3542 1080 3548 ’

781 3735 789 3751 .
819 3682 905 3756 335.

617 3807 686 3880 III.
715 3681 854 3898 SZtllo
878 3810 1030 3900 Regum.

329 3931 453 4027 sigilla
471 3932 573 4025 leges
592 3939 738 4003 nostrae
755 3930 914 4024 Regibus
932 3931 1133 4026 Hungariae
1152 3934 1296 4029 propria
1315 3935 1423 4029 quin-

193 4107 199 4112 “
256 4100 281 4166 ³)
302 4104 403 4168 Georg.
420 4103 491 4166 Pray
510 4101 622 4165 syntag.
642 4101 712 4154 Hist.
729 4102 763 4153 da
775 4102 860 4168 sigili.
874 4103 940 4167 Reg.
959 4107 994 4154 et.
1017 4102 1113 4166 Regin.
1144 4105 1233 4172 flung.
1250 4105 1280 4158 ia.
1307 4105 1333 4158 2.
1350 4105 1379 4157 G.
1394 4107 1422 4158 2.

304 4171 327 4237 b.
342 4174 383 4225 36.
406 4178 434 4224 et
455 4186 512 4237 seq.
529 4173 572 4222 Da
589 4171 631 4220 tris
650 4171 744 4222 scutis
766 4173 886 4224 conferri
902 4177 995 4237 potest
1020 4171 1081 4224 Gar.
1101 4175 1194 4226 Patara
1216 4189 1258 4240 op.
1283 4189 1355 4227 nune
1374 4177 1420 4228 ott.

302 4244 485 4308 Ejusdemque
508 4242 630 4292 Dissert.
651 4243 684 4292 de
707 4243 796 4307 peout.
817 4243 872 4292 'rit
899 4245 926 4292 et
946 4242 1028 4306 instg.
1054 4243 1091 4292 M.
1112 4246 1150 4295 Μ.
1177 4245 1327 4296 Therasiae
1350 4247 1419 4310 Aug.

305 4315 375 4362 ltem
395 4314 425 4364 Ρ.
438 4314 542 4364 Honor.
563 4312 689 4374 Novotuy
712 4313 817 4376 satage.
830 4313 861 4364 Ρ.
877 4312 897 4364 1.
913 4325 938 4374 p.
955 4311 1014 4364 260.
1029 4318 1057 4364 ct
1078 4327 1134 4382 seq.
1155 4317 1189 4369 Δ.
1205 4317 1239 4369 u
1255 4316 1418 4370 Namaatuik

304 4375 455 4446 matutam
470 4381 511 4432 tes
524 4375 631 4446 ttoppeo
641 4380 689 4434 ont
707 4375 897 4446 ttctstetcetiet.
911 4375 982 4436 ittet
996 4379 1070 4437 1824.
