3094 4868
752 393 789 480 5.
818 395 904 468 727.

669 521 849 611 Foroque
877 517 976 592 olim.

335 667 449 763 Supra
486 666 675 754 recensitis
719 667 935 762 pedetentim
964 685 1153 738 accessere
1191 664 1330 738 Judieia
1360 669 1444 740 Pa·
1517 683 1518 734 t

235 769 389 843 latinalia
420 769 534 860 (222)
569 768 717 841 hiberno
745 778 904 863 tempore
934 767 1106 841 celebrari
1127 771 1239 840 vetita
1269 770 1316 860 ⁸).
1354 770 1443 841 Ob-

234 871 390 942 tinebant
416 867 543 943 deinde
575 874 688 942 trinae
716 869 882 942 forenses
915 869 1229 958 Proclamationes,
1265 893 1307 942 ac
1340 895 1443 967 pro-

235 975 404 1046 clamatus
442 969 771 1066 congregationes,
814 993 901 1068 quas
930 971 1174 1066 sigismundus
1220 972 1264 1044 ad
1314 997 1443 1068 prae-

233 1075 439 1162 vertendas,
475 1074 776 1169 vindicandasque
813 1075 991 1150 violentas
1025 1077 1279 1168 occupationes
1313 1080 1443 1148 intro-

234 1179 382 1252 duxerat
411 1175 455 1266 b).
503 1176 600 1248 llaec
638 1187 754 1250 tanuen
790 1175 927 1250 Judicia
970 1199 1035 1271 per
1082 1176 1247 1250 blatbiam
1297 1175 1442 1252 Corvi-

233 1305 328 1369 num,
351 1291 456 1374 atque
475 1279 689 1352 Uladislaum
717 1279 760 1350 ll.
787 1278 890 1351 fuere
924 1278 1092 1372 abrogata
1123 1280 1168 1370 ⁰).
1197 1280 1326 1352 Postea
1358 1281 1441 1356 Oc-

233 1383 382 1470 tavalia,
420 1380 530 1454 indito
563 1385 616 1454 eis
638 1385 781 1454 nomine
799 1381 854 1480 'ab
883 1392 1012 1456 octavo
1040 1380 1226 1454 Fastorum
1249 1381 1326 1472 dio,
1364 1407 1441 1478 qua

232 1488 367 1558 initium
387 1483 581 1572 sumebant,
608 1489 643 1556 in
669 1483 793 1557 codice
821 1483 1017 1556 domestico
1050 1482 1235 1556 admodum
1257 1482 1441 1580 frequen-

232 1598 289 1660 ter
307 1595 504 1658 recurrunt.
532 1585 644 1658 Porro
665 1586 974 1674 Protonotarialia,
1002 1609 1080 1658 nam
1100 1585 1263 1679 Magistri
1287 1609 1439 1684 quoque

232 1687 447 1777 Protonarii,
483 1709 573 1782 quos
603 1690 683 1761 dein
715 1688 796 1761 lites
828 1691 865 1760 in
893 1685 998 1760 Curia
1026 1688 1139 1781 Regia
1165 1691 1334 1762 retulisse
1361 1714 1439 1763 non

232 1795 452 1885 ignoramus,
480 1789 597 1883 quoad
615 1801 713 1864 certa
732 1811 917 1862 causarum
935 1811 1069 1886 genera
1084 1789 1128 1862 ad
1146 1801 1307 1887 tempora
1318 1815 1439 1888 usque

236 1891 358 1967 Caroli
377 1890 554 1982 Caesaris,
581 1891 650 1964 boc
666 1895 808 1966 nomine
830 1891 889 1964 Vl.
923 1889 970 1983 ²¹),
997 1896 1032 1965 in
1053 1893 1206 1966 diversis
1228 1899 1437 1990 regnipar-

233 1996 327 2068 tibus
345 1994 481 2066 Judicia
500 1994 687 2068 iaciebant.
720 1992 989 2068 Concedebatur
1005 1997 1151 2090 insuper
1178 1997 1345 2091 specialis
1364 1996 1438 2068 Ju-
1520 2041 1521 2060 ι

235 2099 315 2171 dicii
343 2097 536 2170 exercendi
563 2109 737 2193 potestas,
765 2098 958 2190 Privilegio
986 2097 1161 2168 mediante
1190 2121 1210 2168 a
1240 2098 1438 2172 divisile·

233 2201 338 2295 gibus
360 2199 481 2271 liberis
499 2198 706 2291 Maioribus,
734 2223 777 2272 ac
792 2201 973 2293 perpetuis
985 2195 1190 2290 comitibus,
1207 2200 1328 2274 liberis
1347 2203 1437 2272 item

232 2304 341 2392 villis,
376 2325 419 2374 ac
448 2311 573 2394 postea
604 2299 811 2374 Civitatibus
836 2299 980 2394 Regiis,
1008 2301 1254 2393 Districtibus,
1284 2303 1437 2397 Oppidis

231 2403 480 2501 privilegiatis,
507 2424 550 2476 ao
571 2403 798 2477 terrestribus
819 2402 1002 2474 Dominiis.

750 2610 787 2695 §.
817 2609 902 2684 728.

643 2739 697 2808 Ae
714 2732 874 2822 ,Iudicia
898 2739 1016 2806 oam‘a.

231 2936 238 2950 ,
331 2877 508 2976 Vigebant
524 2879 637 2953 adhuc
666 2883 703 2953 in
721 2882 839 2952 causis
864 2876 979 2952 dubiis
999 2880 1019 2951 J
1030 2881 1230 2955 udioium
1249 2881 1432 2969 Duelli,

230 2984 394 3078 aRegno
414 2981 556 3055 condito
585 2981 629 3055 ad
654 2983 823 3057 Uladislai
842 2979 885 3053 11.
917 2992 1075 3077 tempora
1106 2986 1164 3076 ⁰),
1190 2983 1277 3054 licet
1299 2985 1375 3074 jam
1396 2993 1434 3056 et

230 3087 333 3180 hujus
352 3088 575 3161 Antecesscr
593 3087 680 3159 illud
700 3087 868 3160 duntaxat
887 3082 931 3154 ad
948 3083 1087 3156 Curiam
1106 3085 1302 3174 militarem,
1323 3095 1433 3178 atque

231 3213 292 3263 eas
321 3192 437 3264 solum
462 3211 587 3261 causas
614 3191 863 3275 restrinxerit,
892 3185 950 3256 ubi
979 3208 1083 3258 secus
1116 3189 1228 3257 omnis
1260 3185 1435 3258 deiiceret

229 3293 393 3389 probatio
425 3289 472 3382 s).
501 3291 687 3380 Necnon,
715 3294 879 3362 mutuatis
906 3288 1064 3358 itideme
1090 3290 1220 3359 vicinia
1240 3287 1432 3382 exemplis,

229 3395 366 3469 Judicia
402 3392 621 3478 Ordalia,
651 3396 728 3465 sive
754 3391 877 3464 ferri
906 3388 1181 3477 candentis,
1211 3399 1247 3461 et
1276 3411 1431 3483 aquae

227 3498 505 3584 bullientia,
541 3516 631 3589 quae
658 3493 838 3588 prohibuit
867 3491 1104 3564 Oolomannus
1129 3491 1233 3581 alibi,
1262 3515 1366 3586 quam
1395 3497 1432 3564 in

228 3599 379 3674 Sedibus
407 3595 696 3690 EpiscopalibuS,
732 3594 994 3689 majoribusque
1025 3595 1285 3689 Praeposituris
1324 3593 1432 3665 cele-

230 3700 324 3772 brari
354 3700 400 3788 8).
429 3695 526 3766 Haeo
544 3697 587 3768 de
614 3699 741 3793 priscis
760 3696 887 3787 Foris,
916 3719 957 3767 ae
981 3694 1249 3784 Tribunalibus,
1278 3718 1432 3791 quorum

257 3888 283 3953 Ι)
302 3889 362 3943 Vld.
382 3891 452 3952 Pray
473 3903 506 3953 op
533 3891 603 3954 paul.
623 3898 677 3942 aut.
697 3891 740 3942 cll.
756 3905 780 3954 p.
799 3889 842 3940 69.
931 3877 934 3884 ’

256 3973 515 4038 mmmdcc

257 4060 280 4120 ο)
299 4059 375 4112 1486.
395 4065 418 4113 1.
439 4065 464 4114 2.
483 4069 512 4115 ol
530 4066 571 4116 17.
589 4091 625 4104 -
643 4060 720 4117 1192.
740 4063 783 4115 35.
801 4063 843 4118 36.
865 4061 954 4120 0138.

255 4141 285 4213 d)
306 4147 384 4198 1723.
402 4149 445 4200 ra.

255 4242 282 4292 ι1
301 4231 380 4285 11192.
398 4234 442 4286 37.

256 4313 381 4377 01486.
401 4319 464 4376 18..

256 4397 285 4466 s)
303 4403 339 4456 D.
357 4404 387 4457 ι.
404 4405 426 4459 l.
445 4403 474 4458 0.
491 4403 577 4458 xxii.
