3124 4868
225 249 296 323 152

222 424 302 508 „tus
322 415 548 488 determinari
571 413 831 510 nequiverunt,
860 417 895 486 in
913 413 1150 512 peculiaribus
1179 435 1243 501 ea,
1271 433 1339 507 qua
1357 434 1430 507 per
1501 456 1503 458 -

222 516 389 609 „statum
417 527 454 590 et
472 515 624 589 Ordines
643 519 852 610 propositae
872 527 965 607 sunt,
985 519 1098 590 forma
1117 537 1182 611 per
1201 515 1307 588 Suam
1325 535 1429 609 quo-

221 641 314 716 „qna
332 618 555 709 Maiestatem
575 617 857 694 Sacratissimam
876 618 1039 692 stabilitis
1062 617 1300 690 articulariter
1319 614 1428 688 ordi-

221 721 370 814 „nandis
382 720 679 818 Deputationibus
698 741 782 792 mox
798 729 882 814 post
892 720 1053 794 Diaetam
1071 722 1108 791 iu
1128 717 1426 791 deliberationem

220 831 489 916 „assumantur‚
520 834 625 919 atque
653 826 701 894 ita
721 818 968 914 elaborentur,
996 833 1034 896 ut
1062 825 1098 894 in
1116 821 1245 894 turturis
1262 841 1426 913 genera-

220 926 335 1020 „libus
354 921 469 1021 Regni
490 920 652 1000 Comitiis
672 947 765 997 anno
782 926 945 1019 proximo
968 927 1076 1002 1792.
1097 925 1133 997 ia
1152 923 1190 994 L.
1203 923 1245 995 R.
1267 920 1425 996 Ciuitate

220 1027 399 1121 „Bndensi
426 1037 526 1101 nerto
556 1026 778 1115 indicendis,
807 1049 849 1097 ao
875 1027 1095 1121 publicandis
1122 1025 1276 1114 referri,
1314 1034 1424 1120 atque

220 1133 281 1225 „in
309 1130 411 1224 leges
440 1130 598 1228 publicas
629 1153 692 1220 aa,
731 1151 799 1225 qua
827 1128 1027 1204 diaetaliter
1055 1137 1269 1203 conventum
1298 1126 1422 1219 inerit,

221 1235 382 1326 „ratione
401 1233 589 1306 transcribi
605 1231 787 1306 valeant.“
814 1229 1090 1329 Deputationem
1118 1231 1267 1307 similem
1285 1229 1423 1305 tardius

218 1339 346 1413 iterum
362 1335 481 1411 locum
498 1335 664 1414 babuisse
683 1357 788 1412 nemo
807 1338 933 1410 nescit.
1161 1349 1163 1354 ·

748 1542 783 1630 §.
814 1542 898 1616 578.

215 1700 317 1776 Num
334 1699 451 1787 ebatur
467 1695 696 1770 Tricastinae
715 1715 792 1787 pro
814 1693 960 1782 objecto
989 1691 1177 1766 aomeb'nlt
1189 1692 1418 1768 dolendae?

318 1843 499 1917 Diaetules
529 1845 761 1933 sanationem*
786 1864 876 1939 qnae
901 1863 976 1916 rem
995 1841 1244 1916 tricesimalem
1269 1845 1305 1915 in
1325 1863 1417 1937 spe-

216 1947 317 2021 eilieo
356 1945 469 2019 adhue
495 1945 647 2037 feriunt,
675 1945 879 2041 singillatim
913 1943 1145 2035 enumerare,¹
1189 1946 1289 2018 labor
1317 1945 1416 2018 foret

215 2054 357 2124 minime
375 2053 613 2123 necessarius.
643 2047 737 2123 Satis
767 2059 850 2140 est,
879 2051 909 2121 si
938 2048 1087 2136 dixero,
1114 2049 1238 2121 valere
1264 2046 1333 2137 hie,
1353 2057 1415 2120 at-

215 2176 284 2250 qne
302 2156 493 2251 praecipua
513 2153 660 2248 quadm
676 2155 839 2241 ratione,
868 2151 961 2245 quod
981 2150 1024 2222 de
1044 2151 1217 2241 obJeotis,
1245 2151 1415 2222 nomina-

216 2260 276 2329 tim
294 2255 433 2350 quidem
452 2255 637 2352 perleges
656 2253 700 2324 ad
717 2254 879 2325 Diaetam
896 2252 988 2325 haud
1015 2255 1208 2347 relegatis,
1235 2273 1414 2349 persaepe

213 2367 332 2429 tamen
358 2356 487 2428 ibidem
517 2360 745 2452 compositis,
776 2353 1000 2451 definitisque
1031 2358 1226 2430 observare
1244 2357 1415 2450 insupe-

213 2459 367 2533 rioribus
385 2459 483 2530 lieuit
503 2457 1032 2552 (400).1ntequetrioesimas
1051 2459 1096 2548 ad
1112 2456 1305 2530 indubitata
1325 2479 1414 2531 sane

213 2563 347 2635 Terrae
366 2560 539 2659 Principis
554 2561 658 2651 jura,
685 2560 892 2654 reditusque
911 2561 1001 2634 adeo
1026 2564 1228 2657 pertinere,
1256 2569 1294 2632 ut
1319 2582 1413 2654 pro-

211 2668 289 2761 pria
317 2663 431 2736 eidem
464 2666 531 2754 sit,
559 2672 595 2734 et
611 2662 723 2734 libera
751 2665 787 2735 in
814 2663 949 2735 illarum
979 2664 1280 2737 administratione
1298 2671 1411 2757 pote-

212 2774 313 2854 stas3
341 2767 480 2860 quoties
507 2768 647 2837 interim
675 2785 714 2837 sa
733 2764 800 2837 hao
818 2769 853 2836 in
871 2775 970 2859 parte
999 2768 1219 2862 Regnioolae
1238 2771 1410 2860 maratus
1485 2815 1487 2818 -

212 2876 418 2956 senserant,
453 2866 515 2941 vel
552 2869 808 2962 opportuniora
844 2870 1108 2963 praestituendo
1146 2867 1408 2957 existimabant,

213 2971 319 3042 toties
337 2969 551 3043 tricesimale
571 2973 676 3042 etiam
693 2973 875 3064 negotium
892 2972 929 3043 in
946 2972 1087 3067 publico
1100 2971 1216 3067 Regni
1228 2980 1410 3046 conventu

211 3081 475 3167 pertractatum,
496 3081 532 3146 et
551 3072 594 3144 de
613 3072 738 3167 quibam
756 3073 954 3168 Principem
973 3079 1087 3164 inter,
1116 3097 1158 3146 ae
1177 3074 1296 3146 Status
1316 3096 1411 3146 con-

209 3182 355 3248 ventum
386 3186 463 3268 est,
502 3176 655 3272 desuper
683 3176 852 3248 articulos
891 3175 1004 3252 fuisse
1033 3177 1217 3266 conditos,
1254 3178 1356 3272 leges
1389 3199 1412 3247 a

209 3277 427 3373 temporibus
466 3277 681 3374 sigismundi
719 3277 763 3349 ad
799 3286 957 3352 nostram
994 3287 1146 3354 aetatem
1187 3279 1303 3353 lucide
1341 3279 1432 3352 de·-

142 3402 150 3418 ·
211 3387 420 3455 monstrant.

646 3597 807 3686 vaput
829 3597 963 3672 XVI·
1019 3709 1021 3724 Ι

493 3732 549 3822 lio
568 3728 676 3836 juro
703 3733 852 3838 reguli
879 3731 1139 3820 salinorum.

727 3911 765 3998 ὁ.
795 3912 880 3986 579.
961 4008 965 4015 ¹

443 4059 448 4067 ’
544 4058 712 4142 δαῖτἠαο
729 4066 831 4152 reget·
845 4076 932 4135 sunt
947 4063 1063 4134 dorsa.

310 4208 452 4284 Salinae
472 4211 507 4280 in
534 4206 712 4302 Hungnria
742 4230 810 4281 una
831 4212 982 4282 omnium
1006 4229 1099 4282 voca
1118 4211 1211 4280 inter
1228 4206 1405 4304 publicos,

204 4319 241 4379 at
258 4313 318 4402 qni
337 4309 527 4394 abalienari
546 4332 617 4382 non
645 4313 803 4406 possint,
831 4310 989 4399 reditus,
1018 4320 1123 4404 atque
1152 4333 1193 4381 aa
1212 4310 1317 4404 plana
1336 4331 1424 4388 ra-‚

203 4412 302 4482 tione
319 4419 568 4502 numerentur,
595 4418 633 4483 ut
652 4421 687 4485 et
713 4420 832 4484 tarrae
849 4415 1094 4509 privatorum,
1121 4409 1308 4520 inquibus
1327 4407 1400 4487 Sa-
