3158 4864
1335 181 1406 256 188

191 303 242 426 si
269 351 415 445 gentilia
441 351 560 422 demas
588 292 706 436 orma,
731 357 908 442 utcunque
934 349 1103 424 univorsa
1125 348 1199 440 jam
1224 351 1403 446 antiquata

209 456 445 549 conspicimus
476 453 521 545 ¹).

724 550 761 636 §.
794 553 876 625 175.
945 649 953 659 ἱ

632 680 701 748 Jus
728 677 969 750 Terreatrolc.

306 800 369 873 Jus
394 799 481 872 illud
506 799 751 896 primigenium
777 801 900 890 simul,
930 823 971 872 ae
999 799 1226 897 praecipuum
1259 799 1403 873 Nobili-

204 907 287 981 tatis
306 901 505 974 attributum
523 901 671 972 Nobiles
689 899 875 972 fundorum
902 920 1045 973 suoram
1063 899 1297 974 nobilitarium
1317 902 1401 998 ple-

204 1027 293 1094 nos,
321 1025 364 1074 ae
387 1003 607 1074 immediatos
634 1002 805 1074 Dominos
829 1001 1023 1091 affecerat,
1052 1000 1150 1073 fundi
1177 1023 1267 1076 vcro
1298 1007 1401 1076 simi-

203 1111 278 1198 les,
316 1106 440 1200 quibus
473 1105 610 1177 scilieet
637 1104 768 1175 nullum
795 1103 948 1175 inhaesit
983 1123 1073 1176 onus
1100 1101 1318 1175 tributarium
1348 1105 1398 1195 ⁸),

206 1208 375 1303 singulari
402 1205 493 1301 apud
510 1226 576 1277 nos
598 1207 768 1295 jurium
789 1207 1305 1306 possessionariorum
1335 1205 1404 1277 de·
1440 1289 1443 1296 ¹

205 1310 443 1384 nominatione
472 1308 724 1400 designantur,
752 1329 817 1402 pro
845 1306 1003 1378 Praediis
1040 1313 1132 1378 enim
1160 1309 1196 1378 in
1224 1305 1403 1399 Hungaria

207 1413 384 1485 territoria
411 1409 548 1481 colonis
578 1429 692 1481 vacua
732 1428 872 1480 sumere
907 1408 1056 1500 vulgare
1086 1416 1151 1478 est.
1191 1405 1232 1479 ln
1265 1408 1404 1498 juribus

207 1523 321 1586 autem
350 1513 647 1608 possessionariis
674 1508 817 1605 plenum
851 1506 1053 1596 Nobilium,
1094 1508 1182 1580 haec
1208 1509 1403 1605 possiden-

205 1619 312 1705 tium,
340 1616 528 1686 dominium
570 1612 663 1684 omni
697 1620 858 1705 tempore
893 1607 1174 1682 subintellectum
1202 1609 1339 1700 luisse,
1365 1619 1404 1686 ut

208 1718 321 1792 datam
339 1716 442 1790 iidem
453 1715 591 1790 solvam
610 1713 739 1805 (162),
759 1714 882 1808 paucis
903 1712 1135 1809 comprobare
1153 1710 1299 1788 adnitar.

758 1913 766 1931 .
797 1861 880 1934 176.

559 1859 757 2059 Primomb
783 1988 1040 2076 occupatione.

306 2110 456 2203 Ajebam
480 2110 637 2184 scilicet:
667 2131 729 2184 sua
757 2111 916 2202 Majores
944 2119 1090 2185 nostros
1120 2111 1288 2185 baeredia
1306 2115 1402 2187 Ter-

204 2237 279 2287 ram
298 2217 402 2285 armis
431 2222 659 2308 occupatam,
686 2211 785 2285 velut
810 2235 886 2285 rem
914 2233 1152 2306 communem,
1179 2217 1215 2286 in
1243 2217 1401 2309 primor-

205 2317 270 2389 diis
290 2318 522 2411 aquisivisse,
540 2313 828 2408 quemadmodum
847 2314 915 2386 hoc
927 2324 1072 2387 veinnas
1091 2315 1292 2412 Scriptores
1310 2336 1400 2411 per-

204 2418 345 2507 bibent,
372 2427 445 2488 turn
469 2420 563 2511 pacti
588 2418 760 2512 primaevi
786 2415 940 2488 conditio
962 2418 1116 2490 secunda
1146 2428 1400 2492 commonstrat

206 2521 332 2611 (154).
360 2517 446 2589 Mox
479 2538 568 2591 vero
597 2520 806 2612 primigenio
838 2516 919 2588 huic
948 2520 1052 2591 modo
1086 2524 1122 2590 in
1152 2519 1398 2594 donationibus

203 2623 401 2714 Principum
419 2617 566 2690 alterum
585 2621 828 2708 successisse,
855 2619 1010 2710 indocti,
1039 2620 1202 2716 doctique
1221 2625 1396 2694 novimus.

205 2721 358 2809 Quorum
387 2730 536 2812 uterque
566 2718 735 2790 directum
766 2718 975 2808 dominium,
1002 2721 1210 2816 plenamque
1228 2725 1398 2818 proprie-

203 2835 309 2896 tatem
328 2826 380 2894 sic
397 2831 520 2894 natura
537 2842 601 2894 sua
621 2819 793 2910 involvit,
821 2830 880 2908 ut,
907 2824 976 2893 nisi
995 2827 1158 2917 exceptio
1185 2847 1204 2894 a
1224 2828 1399 2896 communi

204 2928 469 3019 occupationis,
496 2924 558 2995 vel
586 2924 785 2995 donationis
804 2925 951 2994 notione
983 2943 1065 2995 sesa
1085 2926 1224 2998 aliunde
1242 2926 1398 3000 manife-

205 3035 295 3116 stet,
324 3025 416 3097 aliud
438 3024 589 3115 juridice
616 3027 829 3120 praesummi
865 3023 1026 3096 absolute
1056 3047 1128 3100 non
1156 3033 1282 3122 possit.
1320 3028 1398 3100 Jam

201 3150 290 3200 vero
319 3128 488 3215 Patriam,
517 3148 619 3221 quam
645 3127 816 3216 colimus,
852 3146 924 3198 non
954 3124 1089 3198 viribus
1124 3127 1292 3200 duntaxat
1319 3129 1397 3202 Ar-

198 3229 293 3324 padi,
306 3223 369 3298 sub
388 3230 583 3321 praemissa
602 3225 804 3300 conditione
822 3228 986 3323 praecise
1005 3228 1239 3324 Principatum
1258 3227 1396 3325 adepti,

199 3350 271 3400 non
298 3349 363 3422 per
400 3328 662 3420 stipendiarium
693 3331 769 3420 ejus
796 3325 958 3418 militem,
994 3329 1059 3404 sed
1083 3335 1211 3404 mutuis
1243 3335 1395 3405 omnium

200 3428 386 3517 Triduum,
407 3448 449 3497 ac
468 3423 741 3499 Generationum
765 3426 967 3518 laboribus,
987 3453 1028 3501 ao
1048 3437 1220 3525 sangvine
1239 3436 1275 3504 in
1293 3431 1396 3505 Hun-

201 3552 364 3623 garorum
382 3535 594 3622 potestatem
613 3527 803 3599 devenisse
824 3550 902 3597 oum
921 3538 1055 3600 eertum
1087 3537 1156 3619 sit,
1185 3536 1288 3603 etiam
1306 3555 1394 3626 par-

200 3641 271 3703 tem
288 3633 422 3702 Terrae
442 3633 494 3701 sic
512 3635 705 3724 occupatae
724 3632 760 3700 in
783 3627 946 3718 illorum,
976 3629 1099 3721 quibus
1117 3635 1184 3704 ista
1204 3630 1393 3726 obtigerat,

201 3737 356 3806 cessisse
373 3733 651 3827 proprietatem,
679 3729 879 3824 cedereque
905 3729 1090 3824 debuisse,
1118 3733 1294 3808 indubium
1314 3739 1392 3810 erit.

209 3957 272 4032 Vel
283 3959 405 4052 Rapta
422 3959 644 4030 Boncn‘oce
660 3855 870 4050 aqdudbb
876 3963 1153 4054 proprietatem
1179 3971 1391 4055 eccumfcrt.

300 4081 396 4154 ldem
414 4079 457 4152 de
481 4082 562 4169 jnre
591 4081 813 4154 sentiendum
830 4079 1015 4158 Nobilibus
1035 4107 1056 4158 e
1081 4085 1237 4176 Ducum,
1265 4096 1393 4194 postca

200 4209 428 4307 We.
444 4248 469 4302 a.
488 4256 515 4303 a
530 4251 553 4303 c.
573 4256 601 4303 a
618 4223 664 4306 ca.
683 4247 760 4306 rata.
777 4273 812 4288 -
830 4253 855 4310 s.

227 4315 255 4382 ¹t)
273 4319 304 4372 Ρ.
321 4320 342 4372 i.
359 4325 392 4376 it.
416 4317 460 4376 st.
477 4343 512 4361 ·-
528 4316 607 4378 1741.
625 4323 650 4375 8.
