3138 4858
1312 151 1377 230 ⁷1-

196 351 202 382 :
243 317 303 382 bus
326 315 425 400 Regnl
453 315 624 382 ordinariis
654 317 826 394 dabantur,
859 318 1013 397 acroam,
1034 321 1089 388 ‚ad
1111 320 1174 387 dus
1195 315 1353 400 privatum
1487 371 1488 374 ,

248 408 373 482 spectat

675 589 713 676 ὃ.
742 589 827 663 437.

547 740 721 811 Potestas
748 744 963 813 coactata.

261 888 398 958 Partem
417 885 568 981 deniquo
586 885 681 960 Juris
700 887 848 976 hujusce
862 886 1075 998 lllajestatici
1092 905 1240 982 prorsus
1260 903 1353 966 con-

159 993 314 1088 spicuam
340 988 569 1060 Potestas
603 988 748 1081 Regis
785 970 1051 1062 coercitivd
1079 989 1196 1060 eflicit.
1236 989 1352 1061 Nimi-

157 1115 253 1181 rum,
282 1090 376 1186 quod
394 1088 438 1159 de
455 1088 682 1180 legislatione
701 1091 796 1163 civili
816 1088 943 1162 dictum
961 1090 1027 1161 fuit
1046 1092 1119 1162 suis
1137 1090 1241 1178 locis,
1258 1090 1350 1163 idem

157 1195 254 1270 valet
271 1192 314 1264 dc
332 1192 559 1283 legislatione
578 1191 759 1263 criminali.
775 1190 1032 1264 Perieruntur
1023 1214 1058 1262 m
1070 1188 1230 1263 Comitiis
1248 1192 1350 1284 loges

139 1306 142 1311 ’
156 1294 350 1394 poenales,
378 1295 606 1364 instituuntur
632 1292 791 1381 Judicia3
826 1293 960 1382 forma,
997 1315 1039 1363 ac
1065 1293 1189 1364 modus
1215 1314 1351 1386 proce-

158 1397 263 1470 dendi
289 1392 564 1491 praescribitur3
592 1394 798 1489 supplentur
826 1393 1012 1480 defectus,
1041 1403 1145 1490 atque
1171 1397 1291 1484 noxia,
1320 1398 1352 1468 si
1395 1463 1398 1470 ,

158 1519 249 1597 quae
267 1501 509 1615 irrepserunt,
536 1495 583 1566 ihi
602 1495 825 1569 sufferuntur
852 1493 930 1570 Hoc
954 1504 1107 1567 attamen
1133 1494 1244 1567 nihil
1236 1517 1353 1590 impe·-

159 1602 229 1688 dit,
258 1600 442 1694 quominus
460 1599 641 1692 proprium
669 1617 747 1668 cum
773 1598 839 1668 hac
857 1606 1035 1692 potestate
1062 1597 1287 1686 conjunctum
1307 1601 1352 1670 sit

157 1704 268 1794 Regis
297 1700 481 1787 Officium,
517 1708 556 1770 ut
583 1698 734 1772 sollicite
762 1700 969 1794 provideat,
1007 1719 1052 1769 ne
1081 1705 1181 1792 parto
1210 1695 1251 1769 ab
1284 1721 1352 1770 una

158 1805 286 1876 delicta
304 1805 340 1872 in
364 1800 492 1891 Regno
519 1804 659 1895 impune
678 1811 908 1894 grassentur,
935 1807 1037 1895 parte
1065 1821 1155 1872 vero
1178 1799 1220 1872 ab
1240 1801 1352 1872 altera

158 1927 222 1978 seu
250 1904 464 1988 severitate,
493 1905 569 1974 sive
596 1906 864 1995 praecipitantia
883 1902 1056 1974 advorsus
1082 1909 1216 1972 rectam
1234 1901 1350 1975 lusti-

157 2009 228 2079 tiae
245 2003 396 2078 vindicis
414 2001 753 2074 administrationem
773 2001 1006 2095 delinquatur.

682 2227 719 2314 ᾖ.
749 2227 835 2300 438,

595 2379 695 2470 Repe·
710 2389 913 2450 reservata.
932 2375 939 2436 t

106 2609 109 2614 ¹
257 2528 374 2613 Quane
405 2536 442 2598 et
468 2545 677 2620 processum
695 2547 767 2596 non
786 2531 931 2598 servato
957 2522 1051 2594 luris
1070 2519 1202 2594 Ordine
1221 2519 1352 2594 delini-

156 2639 227 2699 tum
246 2628 414 2716 abolere,
442 2638 477 2700 et
506 2630 744 2701 innocentiam
761 2626 853 2697 ultra
873 2625 1117 2697 demonstrare
1135 2623 1350 2714 volentibus,

156 2731 227 2803 litis
246 2751 333 2802 suae
352 2733 647 2802 reassumtionem
666 2729 853 2815 ordinare,
872 2727 1069 2821 famamque
1088 2724 1266 2821 inculpato
1285 2749 1351 2798 re-

156 2835 327 2920 stituere,
357 2841 392 2903 et
418 2834 619 2925 quorumvis
648 2833 899 2903 sententiarum
928 2831 1176 2900 executionem
1195 2850 1352 2924 suspen-

123 2996 125 2999 .
157 2933 263 3020 dere,
290 2932 382 3024 Regi
411 2955 552 3028 semper
571 2936 638 3005 erit
665 2936 850 3026 integrum.
887 2932 1041 3003 Poenam
1066 2939 1183 3001 tamen
1210 2934 1351 3002 minime

157 3043 368 3125 exasperat,
396 3034 490 3127 quod
510 3035 643 3122 lacere,
663 3037 803 3106 ametsi
822 3055 971 3126 aequum
989 3031 1105 3104 videri
1123 3042 1262 3149 posset,
1277 3031 1352 3101 lm-

156 3135 293 3227 peranti
321 3133 546 3204 nihilominus
563 3138 678 3208 vitare
698 3138 932 3221 conveniret,
959 3153 1004 3203 ne
1032 3133 1120 3203 vel
1112 3154 1147 3200 ιιι
1167 3125 1347 3225 suspicio-

155 3255 237 3308 nem
254 3237 375 3307 veniat
393 3237 607 3327 immeritae,
636 3257 678 3307 ac
695 3235 792 3307 hoc
783 3255 862 3330 ipso
880 3235 1033 3325 injustae
1053 3233 1266 3305 severitatis.

675 3458 712 3544 ᾗ.
741 3459 827 3532 439.

513 3606 582 3680 Ius
600 3626 750 3700 quoquo
766 3609 985 3678 Statariam.

256 3756 353 3830 Inter
370 3754 456 3826 lura
474 3752 542 3825 huc
560 3757 768 3849 spectantia,
788 3775 879 3849 quae
890 3751 1069 3846 lllajestati
1081 3751 1217 3846 Regiae
1235 3751 1346 3844 longo

124 3887 126 3890 ·
154 3881 242 3949 usu,
271 3870 375 3953 atque
398 3855 656 3930 consvetudinc
680 3867 854 3952 tamquam
873 3876 1038 3953 supremo
1064 3854 1260 3927 lustitiario
1279 3875 1351 3947 pe-

155 3961 333 4032 culiariter
352 3959 565 4046 adhaerent,
585 3959 708 4033 salutis
726 3957 888 4054 publicae
909 3956 1107 4032 servandac
1125 3958 1215 4027 ratio
1238 3975 1350 4025 exer-

156 4063 273 4134 citium
310 4059 331 4130 J
341 4064 442 4133 nris
470 4059 679 4134 Statarii
715 4062 921 4134 necessario
959 4058 1174 4145 collocavit,
1211 4057 1352 4128 namsi

156 4165 299 4234 crimina
319 4161 487 4256 quaedam
505 4162 595 4234 adeo
615 4161 814 4256 frequentia
835 4159 987 4235 evadant
1008 4163 1087 4232 sive
1105 4179 1171 4252 per
1188 4158 1351 4250 Regnum

153 4267 378 4357 universum,
405 4267 484 4340 sive
510 4262 600 4358 hac,
626 4263 734 4341 illave
763 4266 818 4342 sui
846 4272 974 4362 parto,
1001 4269 1040 4334 ut
1064 4260 1184 4337 veloci
1206 4279 1347 4359 poenae
