3144 4860
1301 266 1349 338 57

155 417 332 494 milianum
360 422 649 498 Archi-Ducem
676 428 719 502 ds
743 429 798 502 bis
830 430 1045 527 disponere,
1093 441 1198 530 atque
1235 427 1351 506 eidem

155 525 408 620 prnejudicium
426 525 539 603 simile
558 525 690 607 inferre
708 536 881 630 potuisse.

687 737 724 824 §.
753 741 813 815 47.

480 885 596 962 Haud
610 907 774 981 unquam
791 895 1034 964 renunciavit.

262 1057 308 1130 Ut
333 1058 425 1130 enim
450 1059 717 1155 inperpetuum
747 1059 915 1134 similibus
943 1060 1085 1136 duribus
1111 1061 1353 1153 renuncietur,

160 1166 303 1254 praeter
331 1181 544 1236 consensum
566 1159 698 1255 Regis,
726 1184 939 1237 eonsensum
956 1163 1119 1242 Nationis
1146 1167 1355 1238 necessario

163 1265 304 1335 omnino
330 1265 487 1358 requiri3
515 1272 721 1356 argumento
749 1274 828 1338 sunt
846 1264 948 1359 leges
979 1267 1035 1356 ⁸),
1064 1264 1359 1352 et,manifestiori

162 1363 275 1438 adhuc
292 1385 378 1461 pree
409 1368 560 1436 caeteris
589 1363 788 1459 Diplomata
806 1369 1025 1459 inauguraliu
1054 1366 1113 1457 ¹³),
1141 1390 1182 1437 ac
1200 1366 1359 1455 Jurisju-

160 1465 261 1538 rendi
279 1465 449 1540 formulae
480 1466 671 1555 solennes,
699 1466 823 1563 quibus
851 1487 892 1539 se
910 1467 1030 1560 Reges
1059 1467 1259 1560 Hungariae
1280 1469 1359 1540 sin-

162 1567 235 1664 guli
263 1571 299 1640 in
327 1573 405 1665 ipso
435 1569 576 1665 Imperii
604 1567 698 1640 aditu
723 1568 864 1642 disertis
894 1568 1015 1644 verbis
1045 1569 1290 1662 obstringunt,
1318 1589 1358 1640 se

163 1669 251 1744 lines
280 1669 419 1764 Regni,
447 1681 483 1744 et
509 1692 600 1768 quae
628 1670 672 1742 ad
698 1670 783 1742 illud
809 1693 1018 1767 quocunque
1045 1672 1145 1745 titolo
1164 1671 1359 1767 pertinent,

162 1795 234 1845 non
259 1771 543 1862 abalienatores,
583 1793 743 1867 quaeque
776 1771 945 1846 haetenus
978 1783 1188 1871 recuperata
1225 1778 1361 1862 essent,

160 1873 222 1945 vel
248 1874 326 1946 Deo
356 1873 545 1962 adjuvante
573 1884 892 1967 recuperarentur,
920 1875 1046 1968 Regno
1079 1876 1123 1946 de
1151 1884 1228 1948 toto
1257 1875 1360 1944 rein·

162 1983 417 2069 corporaturos
445 1971 499 2061 lJ.
528 1972 629 2056 Quod
655 1974 854 2066 publicum,
882 1985 918 2045 et
942 1981 1049 2047 toties
1077 1979 1264 2072 repetitum
1281 1973 1359 2046 Po-

160 2077 236 2170 puli
256 2071 481 2160 desiderium,
508 2073 608 2162 cujus
626 2073 886 2168 implementum
909 2073 1093 2167 Principes
1112 2078 1226 2147 nostri
1244 2076 1361 2169 palam

163 2173 406 2270 spondebant,
433 2173 562 2270 indicio
583 2182 637 2244 est
655 2173 955 2246 luculentissimo:
984 2173 1171 2267 Hungaros
1191 2177 1264 2245 suis
1285 2197 1362 2245 cnm

162 2277 320 2371 Regibus
344 2276 482 2366 juribus
512 2275 629 2369 Regni
651 2297 826 2369 nunquam
845 2273 974 2346 cedere
992 2276 1175 2363 volnisse3
1201 2285 1240 2346 ut
1272 2297 1365 2370 pro·
1446 2327 1454 2336 .

163 2379 245 2450 inde
264 2379 505 2468 conjecturae,
529 2401 549 2449 a
568 2378 709 2452 silentio
727 2382 881 2473 petitae,
909 2377 966 2450 bic
995 2379 1096 2451 locus
1115 2379 1258 2473 appingi
1276 2376 1362 2449 nul-

164 2480 302 2556 latenus
320 2484 448 2575 possit.
1363 2484 1366 2493 ’

207 2626 421 2712 *JAdnoteri
445 2626 478 2688 in
493 2624 559 2688 rem
574 2633 769 2707 praesentem
786 2633 922 2689 meretur
941 2626 1101 2689 Articulns
1115 2627 1184 2689 tle·
1201 2645 1216 2688 e
1232 2626 1363 2688 Decreto

251 2713 392 2774 Andreae
409 2712 475 2788 lll.,
499 2721 533 2785 ut
548 2721 583 2774 ut
599 2713 744 2775 historici
764 2713 864 2775 solum
887 2713 1008 2794 vigoris
1026 2731 1132 2793 seque,
1151 2731 1186 2774 ec
1207 2712 1364 2774 constitu·-

251 2799 348 2859 tiores
382 2809 520 2860 caeteras
551 2797 697 2862 Oodieem
732 2799 934 2860 domesticum
967 2799 1048 2860 harod
1084 2800 1264 2880 ingressae,
1287 2817 1365 2878 quse

249 2883 380 2963 proinde
403 2883 467 2944 fori
485 2885 668 2946 errotoritete
686 2892 801 2946 carent.
826 2885 872 2944 lte
891 2903 965 2946 vero
987 2883 1038 2944 ille
1058 2883 1147 2960 „Etsi
1168 2884 1272 2963 alique
1292 2892 1366 2964 pert

250 2967 373 3048 „Regni
395 2988 577 3049 quocunque
600 2969 708 3046 titulo,
738 2969 788 3030 vel
810 2969 912 3031 colore
936 2990 992 3049 per
1015 2988 1224 3048 quemcunque
1246 2969 1366 3050 Regum

251 3054 407 3132 „alienate
429 3055 612 3131 exstitisset,
635 3063 776 3116 teneatur
799 3075 956 3130 revocare,
980 3063 1008 3116 et
1030 3055 1111 3115 idem
1129 3055 1285 3126 Dominus
1302 3055 1368 3115 Rex

252 3142 312 3216 „ad
335 3139 395 3202 dus
418 3142 539 3222 regium
569 3150 604 3203 ut
625 3141 766 3220 Regnum
796 3139 977 3221 Hungariae
1009 3141 1098 3218 quasi
1129 3140 1279 3218 quoddam
1305 3137 1366 3200 dus

252 3233 371 3302 „totum
395 3245 523 3288 suarum
546 3225 650 3305 possit
666 3227 801 3305 partium
819 3227 997 3308 integritate
1013 3225 1159 3305 gaudere,
1182 3225 1366 3285 sententiam

251 3311 375 3391 „ipsius
398 3311 667 3391 Archi-Episcopi
683 3311 878 3387 colocensis,
901 3330 991 3392 quam
1010 3312 1046 3371 de
1063 3327 1217 3372 consensu
1234 3309 1366 3370 Preelo-
1447 3365 1449 3370 ,

250 3407 378 3476 „torum
404 3395 503 3476 Regni
526 3403 609 3456 esset
631 3396 828 3472 incursurus,
851 3397 879 3458 si
902 3398 960 3470 boc
983 3396 1121 3475 legitimo
1144 3395 1366 3474 impedimento

252 3489 433 3560 „cessente,
466 3480 548 3541 idem
570 3479 725 3540 Dominus
748 3480 812 3540 Rex
841 3482 1012 3559 neglexerit
1043 3480 1286 3559 emendarem).
1309 3479 1366 3540 Est
1416 3497 1425 3516 ⁸

253 3587 326 3629 vero
340 3564 501 3629 Articulns
511 3565 570 3625 iste
579 3571 664 3623 tanto
676 3562 918 3639 memorabilior,
935 3564 1094 3640 quodsum
1108 3561 1306 3622 Wladisleus
1315 3563 1368 3635 ll.,

252 3653 311 3715 etsi
335 3654 400 3714 Rex
423 3649 519 3713 simul
539 3648 688 3710 Poloniae
713 3647 804 3723 foret,
827 3666 896 3708 cum
914 3644 1051 3724 reliquis
1080 3642 1219 3726 ejusdem
1242 3645 1369 3706 Decreti

168 3756 170 3763 ’
251 3737 402 3800 Articulis
425 3734 664 3798 confirmaverit.
688 3733 748 3795 Sed
772 3739 933 3814 praeterea
955 3730 1059 3806 etiam,
1084 3731 1166 3810 quod
1186 3730 1288 3812 Reges
1306 3748 1368 3790 no-

167 3857 170 3864 ·
252 3824 312 3885 stri
333 3823 410 3885 baec
433 3824 470 3884 de
489 3819 562 3904 jure
585 3819 741 3901 principie
759 3817 825 3902 jam
849 3817 887 3880 eb
910 3816 984 3879 olim
1011 3816 1262 3896 recognoverint,
1286 3814 1368 3876 inter

252 3907 424 3988 complure,
447 3907 629 3970 nominatim
646 3905 789 3968 Andreae
807 3903 860 3983 110,
882 3901 1025 3966 Ledislei
1039 3899 1369 3980 penthemimeres

169 4058 172 4066 ,
253 3991 384 4058 corvini
408 3991 548 4074 exemplo
569 3999 733 4056 testentur.
772 4025 774 4029 ·

171 4133 376 4146 ——u——n

195 4199 223 4334 p)
242 4199 442 4338 it'gdadqtlffplom.
468 4275 559 4338 lneug.
587 4288 602 4324 u
624 4272 703 4324 Ferd.
720 4273 759 4349 ll.
778 4284 865 4336 usque
884 4273 1079 4337 imperatorem
1103 4235 1228 4320 duetrlee
1241 4263 1366 4330 eiusdem

236 4343 353 4393 nominis
367 4346 387 4395 l.

196 4409 221 4478 ⁰)
239 4412 398 4467 Kovaobicb
413 4409 532 4464 invest.
547 4403 622 4462 com.
641 4408 725 4475 supp.
740 4408 772 4462 Τ.
791 4409 815 4462 1.
831 4421 856 4474 p.
872 4407 933 4461 118.
