3144 4860
800 440 817 509 1

501 565 555 636 Ac
581 563 704 635 Bonis
732 437 1103 651 dlidedepeitalibos.

308 687 457 861 Insuper
483 688 670 810 Reginae
697 696 767 756 tam
795 667 1014 774 consortes,
1052 707 1154 780 quarn
1181 687 1339 776 Viduae,
1366 640 1406 760 ut

207 791 354 883 leges‘t
327 814 340 860 t
356 813 453 861 erum
483 792 530 881 ·,)
560 813 602 861 ac
619 793 800 861 innumera
819 788 1030 860 documenta
1051 791 1219 861 evincunt
1247 739 1405 880 denis

209 893 345 987 amplis,
375 900 411 962 et
430 894 632 989 conspicuis
651 890 877 963 fruebantur:
907 886 1041 962 Castris
1066 891 1239 981 nimirum,
1268 887 1405 980 Ciuita-

207 993 313 1085 tibus,
342 993 500 1090 oppidis,
523 994 641 1084 Villis,
660 993 828 1090 praediis,
856 991 1140 1082 metaliifodinis,
1170 1016 1212 1064 ac
1238 995 1406 1089 vectiga-

208 1095 312 1189 libus,
341 1119 454 1193 caque
473 1096 625 1170 diversis
644 1095 753 1168 titulis
771 1095 1019 1189 possederunt.

762 1296 769 1312 .
802 1245 884 1317 126.

307 1373 369 1446 Ad
391 1374 625 1465 Bambotum,
653 1369 714 1442 eet
726 1245 795 1458 {aa
818 1375 1009 1460 privatum
1036 1371 1313 1463 spectantibus.

309 1522 390 1594 Alia
424 1521 593 1593 videlicet
629 1518 672 1590 ad
696 1519 908 1610 Reginatum
944 1517 1169 1612 spectabant:
1209 1515 1253 1588 ad
1289 1515 1407 1589 dotem

210 1624 298 1710 alia3
327 1624 496 1716 quaedam
523 1622 661 1739 Regum
680 1621 796 1708 dono,
821 1620 882 1690 vel
910 1622 1083 1709 emtione,
1112 1630 1170 1691 aut
1196 1640 1406 1713 quocunque

210 1725 345 1797 demum
363 1729 503 1820 privato
519 1726 601 1814 jure
621 1726 784 1816 aquirere
802 1743 848 1815 po
852 1731 978 1794 etrant.
1016 1721 1188 1816 Exprimit
1212 1744 1298 1816 prae
1316 1720 1407 1790 reli·
1411 1785 1415 1790 .

209 1830 286 1919 quis
307 1829 435 1898 clarius
452 1826 625 1897 bonorum
643 1825 755 1894 hocce
776 1823 963 1895 discrimen
981 1823 1142 1918 Diploma
1160 1822 1294 1894 Mariae
1307 1819 1407 1893 Con-

205 1929 303 2019 jugis
321 1927 431 1997 Beiae
457 1926 516 1996 IV.
550 1927 581 2013 J
611 1922 839 2017 sequentibus
866 1925 1008 1996 verbis:
1038 1924 1252 2016 „Quamdam
1277 1932 1409 1995 terram

212 2037 393 2117 „nostram
435 2024 595 2112 Nobis,
641 2035 687 2093 et
730 2043 821 2092 non
856 2024 1106 2115 Reginatui
1143 2027 1318 2114 donatam,
1363 2022 1408 2096 ad
1458 2115 1461 2120 Ι

212 2128 377 2220 „Domini
404 2125 516 2218 Regis
544 2143 756 2196 consensum
780 2160 833 2174 -
855 2124 1108 2213 -dedimus,
1137 2133 1174 2194 et
1201 2126 1408 2198 donavimus

214 2229 333 2320 ..111ιι
352 2228 528 2300 Dotaiium
540 2247 629 2298 vero
645 2227 725 2314 jura
738 2222 947 2297 Contractus
967 2224 1144 2298 dotalitius
1156 2223 1407 2315 definiebat).

209 2330 429 2426 Frequentes
447 2332 553 2422 igitur
571 2326 653 2398 illae
671 2328 905 2415 Donationes,
934 2346 1020 2420 quas
1039 2350 1060 2399 a
1079 2325 1221 2416 Gisela,
1242 2335 1278 2398 et
1295 2325 1412 2399 Adel-

108 2513 118 2531 ι
211 2432 314 2503 haido
341 2431 550 2506 Sanctorum
586 2428 767 2524 Stephani,
806 2437 842 2500 et
866 2427 1020 2500 Ladislai
1049 2426 1082 2519 J
1112 2425 1329 2548 Conjugibus
1365 2427 1410 2501 ad

210 2533 356 2606 Mariam
374 2531 546 2604 Ludovici
571 2529 615 2601 ll.
646 2528 857 2604 Consortem
874 2530 1032 2623 Reginos
1058 2531 1190 2603 iecisse
1221 2533 1411 2648 cernimus,

212 2635 439 2730 accipiendae
459 2632 601 2706 suntde
619 2630 680 2702 illo
711 2631 884 2703 bonorum
909 2654 1067 2724 genere,
1103 2654 1193 2725 quae
1223 2654 1301 2703 cum
1328 2634 1411 2724 jure

211 2739 356 2832 proprio
384 2731 582 2822 tenuerint,
612 2735 669 2803 cui
686 2732 834 2822 vellent,
863 2732 1070 2806 conferendi
1096 2743 1310 2829 potestatem
1337 2733 1407 2805 ha-

211 2837 342 2928 buere;
369 2833 470 2929 Rege
489 2847 618 2925 tamen,
646 2836 855 2929 pracsertim
874 2838 905 2907 si
934 2834 994 2905 illa
1021 2836 1170 2929 aRegis
1197 2836 1408 2910 liberalitate

212 2938 373 3035 proiecta
385 2938 540 3028 fuerunt,
558 2935 619 3011 vel
635 2938 895 3027 consentiente,
913 2936 975 3010 vel
993 2935 1222 3013 confirmante
1255 2941 1300 3029 ⁶J.

253 3083 294 3166 *J
316 3084 386 3146 Hoc
413 3082 505 3147 titulo
534 3082 650 3146 Divum
680 3081 870 3164 Stephanum
900 3081 1026 3146 Giselae
1057 3084 1207 3148 Consorti
1228 3083 1411 3162 Paeonium,
1511 3074 1513 3080 ’

298 3170 479 3247 Sabariam,
521 3169 711 3249 Sopronium
751 3170 936 3250 adsignasse
967 3168 1103 3232 illustris
1138 3169 1283 3248 Bartbal,
1324 3169 1412 3232 ionte

298 3257 413 3320 asserti
435 3254 487 3318 sui
512 3255 546 3318 io
568 3254 781 3318 testimonium
812 3253 954 3334 prolato,
984 3273 1043 3318 suo
1073 3255 1107 3318 in
1137 3274 1231 3337 opero
1260 3255 1411 3322 meminit.

297 3341 416 3404 Eodem
439 3341 563 3422 nomino
592 3339 801 3404 Elisabetbam
832 3340 1003 3404 cumanam
1033 3341 1183 3424 Stephani
1204 3341 1244 3408 V.
1272 3341 1410 3405 Viduam

296 3427 452 3490 Ducatum
474 3425 740 3502 Maesovionsem,
763 3435 793 3488 et
815 3427 1022 3498 Bosnensem‚
1054 3428 1229 3492 Comitatus
1251 3427 1413 3508 praeterea

299 3513 454 3587 Vesicae,
476 3517 506 3570 et
527 3510 649 3590 volpe,
671 3530 707 3571 ae
727 3509 859 3572 Terram
883 3513 1119 3591 Soepusiensem
1141 3515 1282 3576 tenuisse
1306 3517 1410 3593 adpa-

299 3606 348 3663 ret
367 3599 407 3683 f).
429 3597 546 3660 Eodem
568 3597 680 3679 Agneti
696 3595 879 3658 Austriaoaa
902 3595 1090 3659 comitatum
1103 3598 1326 3661 Posoniensem
1342 3617 1412 3662 cum

211 3733 420 3746 Ἥ

243 3777 270 3840 1)
290 3776 431 3832 148128.
449 3785 477 3832 et
494 3776 538 3831 24.
556 3777 680 3832 -1527,
698 3773 852 3830 4.-1536.
872 3775 914 3830 44.
925 3779 1043 3832 -1581
1059 3779 1103 3832 20.
1121 3775 1311 3832 turbatioris.
1332 3779 1368 3831 10
1384 3784 1412 3832 at

302 3853 388 3902 11.-
401 3847 478 3903 1142.
496 3850 560 3901 Pos.
571 3849 594 3900 6.
613 3845 690 3900 1543.
710 3851 734 3900 8.
752 3877 787 3887 -
806 3844 884 3900 rste.
904 3850 946 3900 16.

244 3912 271 3980 1)
290 3921 319 3970 tn
347 3921 471 3985 exempto
496 3921 561 3972 titt.
587 3918 688 3972 Urbani
712 3919 759 3968 lv.
778 3919 858 3973 Pout.
877 3919 911 3970 de
935 3921 1014 3970 Anno
1033 3915 1110 3970 1264.
1128 3919 1199 3984 Pray
1215 3917 1242 3970 iu
1261 3917 1360 3974 tonat.
1377 3921 1412 3973 ad

188 4042 197 4060 ,
293 3991 374 4040 bunc.
393 3992 510 4040 Annum.
527 3992 557 4041 P.
574 3990 595 4041 1.
613 4003 636 4053 p.
657 3989 716 4041 316.
735 3990 802 4040 itam
823 3990 890 4040 aliae
901 3989 1007 4040 Ludos.
1024 3989 1044 4041 1.
1065 3990 1115 4040 cit.¹
1129 3989 1177 4054 op.
1195 3990 1226 4041 P.
1242 3987 1276 4041 li.
1291 4003 1317 4055 p.
1334 3989 1377 4044 83.

245 4061 362 4164 ZJPray
380 4059 408 4110 in
427 4061 575 4112 comment.
595 4060 628 4112 de
646 4065 700 4112 vet.
719 4059 814 4124 Regin.
832 4058 980 4111 coronandi
998 4073 1075 4109 more
1097 4074 1121 4124 p.
1142 4061 1184 4111 15

245 4124 333 4191 1)11ιι
351 4128 418 4196 orig.
437 4145 478 4196 ap.
497 4133 579 4195 saepo
597 4130 668 4181 laud.
687 4129 956 4194 Prayflierdtung.
975 4130 1005 4182 P.
1023 4130 1043 4180 1.
1062 4143 1086 4193 p.
1105 4129 1166 4191 1172.
1185 4125 1291 4179 11274.

245 4197 400 4265 0.)ldxemp
421 4200 661 4252 armconncvtd.
685 4213 724 4266 ap.
752 4198 1208 4266 811111111111111.1111).
1227 4199 1278 4252 101
1297 4203 1325 4250 11
1351 4198 1413 4252 219.

294 4273 399 4322 Katona
422 4268 1032 4335 111111ιί1111.ρ.410.11’1“.1711.ιι.
1051 4271 1132 4324 1081.

246 4337 275 4401 t)
295 4341 317 4388 Ε
336 4340 405 4390 binis
424 4341 473 4404 ips.
501 4341 649 4392 Elisabeth
665 4341 736 4406 Dipi.
760 4356 829 4406 quae
860 4344 933 4406 post.
957 4341 1083 4404 Wagner
1110 4341 1150 4392 ed.
1168 4343 1273 4392 lintona
1301 4338 1345 4392 cit.
1369 4353 1412 4402 op.

297 4410 406 4462 RVH.
426 4407 748 4475 1848118420011.
768 4413 891 4465 Scbier'
884 4425 911 4463 ιιι
928 4413 994 4476 Reg.
1013 4412 1103 4480 Huug.
1123 4413 1200 4480 prim.
1218 4411 1296 4479 stirp.
1313 4425 1338 4478 p.
1353 4411 1413 4462 228.
