3144 4860
201 226 253 298 88

198 387 381 464 lllsdislao
413 393 445 483 ·)
465 391 707 487 Michaeleque
726 391 905 488 Snilngyio
924 413 989 487 pro
1006 388 1136 465 Mathia
1149 389 1303 468 corvino
1318 390 1398 466 Ne·

199 501 284 594 pote
314 491 351 586 l)
370 493 431 568 vel
450 499 657 587 cumprime
678 493 721 564 ad
740 493 979 590 capessendas
1007 493 1163 568 habenas
1183 499 1219 568 in
1237 495 1399 590 Regnum

202 595 370 684 adventu,
399 592 490 688 quod
509 593 690 666 badislaus
709 595 751 665 V.
787 595 832 684 ⁶),
853 594 1051 666 Uladislaus
1071 595 1114 666 11.
1147 592 1194 686 ¹¹),
1209 596 1396 692 Generque

1556 343 1559 412 l

1556 415 1559 468 l

1557 491 1559 546 l

202 705 304 778 istius
323 693 563 767 Fordinandus
578 695 604 766 l.
638 697 668 786 ⁰)
690 705 849 788 egerunt.
871 695 943 770 Sed
961 721 981 767 a
1000 695 1215 770 Mathiaell.
1235 709 1407 796 tempore,
1489 787 1501 805 t
1560 710 1561 800 J

204 799 372 888 invaluit,
400 807 437 867 ut
466 796 549 867 illud
574 821 658 870 mox
684 807 764 868 ante
784 794 1059 871 Coronationcm
1085 799 1176 893 Regi
1205 808 1399 898 acceptan-

204 907 283 980 dum
301 900 420 973 Status
439 909 686 994 praesentent,
713 909 840 993 postea
859 900 901 972 ab
921 899 988 972 boc
1005 925 1109 973 manu
1127 923 1191 974 sua
1210 908 1396 998 signatum,

205 1002 392 1108 sigilloque
411 1004 594 1090 munitum,
623 1001 778 1076 Decrcto
798 1001 945 1078 subinde
965 1003 1197 1078 inferendum.

716 1256 753 1343 §.
787 1258 869 1330 103.

492 1403 629 1490 Quidue
645 1401 761 1480 bodie
780 1421 926 1480 constet
943 1407 1145 1484 articulis?

307 1568 514 1651 Absolvitur
553 1580 669 1644 autem
694 1576 729 1643 in
759 1572 852 1644 diem
880 1573 1084 1645 hodiernam
1121 1576 1263 1648 celebre
1292 1580 1403 1652 hocce

205 1677 417 1766 Palladium3
452 1672 557 1766 idque
586 1671 628 1742 ab
660 1681 777 1744 aetate
810 1671 974 1745 Caesaris
1005 1673 1121 1748 Caroli
1150 1677 1210 1747 Vl.
1247 1683 1405 1754 articulis

205 1791 367 1884 quinque.
407 1773 625 1848 Pollicentur
655 1777 785 1869 quippe
814 1775 936 1867 Reges
965 1774 1032 1846 lide
1061 1779 1270 1872 interposita
1299 1780 1325 1851 1.
1355 1783 1403 1856 Sc

204 1902 273 1962 tam
304 1881 589 1965 coronationem,
618 1897 721 1969 quam
748 1880 936 1950 universas
964 1880 1068 1970 regni
1094 1878 1297 1972 libertates,
1334 1888 1404 1955 im-

203 1987 416 2068 munitates,
445 1979 657 2074 privilegia,
686 1988 817 2051 statuta
845 1985 1063 2069 communia,
1087 1981 1193 2070 jura,
1221 1981 1336 2076 leges,
1368 1996 1404 2057 et

205 2080 479 2159 consuetudines
507 2079 678 2153 hactenus
705 2102 922 2172 concessas,
951 2084 1057 2174 inque
1084 2081 1237 2156 futurum
1268 2107 1403 2158 conoe-

206 2185 337 2272 dendas
355 2222 407 2238 --
432 2182 578 2256 exclusa
603 2181 770 2254 Andreae
790 2179 847 2254 11ιί
887 2183 1044 2254 clausula
1065 2182 1141 2274 „de
1158 2188 1403 2260 resistendi

201 2341 268 2465 des
286 2383 537 2460 inviolabiliter
559 2383 756 2458 observari.
790 2384 833 2456 11.
854 2386 970 2478 Regni
995 2379 1169 2458 Coronam
1187 2410 1254 2482 per
1272 2395 1402 2463 unani-

201 2497 305 2566 miter
323 2509 370 2560 ex
388 2507 511 2558 corum
529 2485 672 2575 medio,
702 2489 779 2557 sine
799 2485 999 2559 discrimine
1016 2488 1224 2582 religionis,
1246 2491 1402 2566 delectas

202 2609 377 2692 personas
406 2592 497 2662 intra
525 2586 653 2659 limites
671 2586 787 2680 Regni
807 2600 1094 2664 conservaturos.
1120 2631 1172 2644 —-
1199 2591 1258 2662 lll.
1279 2592 1403 2664 Recu-

201 2703 350 2794 perata,
379 2698 438 2761 aut
468 2689 636 2784 deinceps
660 2691 904 2787 recuperanda
922 2691 1059 2786 Regni,
1093 2691 1316 2787 Partiumque
1336 2695 1403 2767 ad-

202 2817 374 2873 nexarum
411 2801 531 2866 tenuta
560 2792 761 2887 Hungariae
791 2793 833 2865 de
871 2803 945 2866 toto
980 2794 1058 2866 iore
1087 2797 1400 2888 reincorporanda.

203 2898 265 2970 IV.
294 2895 498 2969 Redituram
525 2895 671 2968 liberam
701 2896 936 2985 electionem,
965 2901 996 2968 si
1023 2894 1187 2989 -quod
1205 2895 1303 2968 Deus
1323 2896 1402 2967 cle-

202 3007 339 3072 menter
368 3008 507 3069 avertat
542 3035 594 3051 --
629 3000 742 3068 omnis
769 2998 954 3092 Augustae
984 2999 1103 3090 stirpis
1132 2997 1319 3090 Propago,
1349 3001 1405 3070 cui

199 3103 259 3193 jus
279 3101 323 3174 ad
344 3121 511 3172 coronam
528 3097 667 3193 legibus
686 3097 1004 3171 fundamentalibus
1029 3096 1194 3168 tributum
1212 3097 1278 3171 fuit
1297 3104 1404 3193 peni-

202 3213 260 3276 tus
279 3205 577 3296 exstingueretur.
607 3201 650 3271 V.
673 3198 835 3293 Denique
855 3209 1024 3287 cavetur,
1043 3207 1081 3270 ut
1095 3197 1211 3291 Regni
1229 3200 1403 3274 haeredes

204 3326 283 3375 cum
312 3309 437 3398 quavis
462 3307 732 3396 inauguratione
760 3305 930 3374 inomissc
960 3305 1050 3372 intra
1068 3309 1205 3397 tempus
1226 3301 1403 3374 delinitum

204 3405 430 3498 suscipienda
458 3413 742 3498 praesentem
780 3403 1109 3499 diplomaticam
1146 3405 1401 3478 Assecura-

203 3509 372 3579 tionem
391 3513 602 3602 acceptare,
632 3505 856 3602 desuperque
874 3504 1114 3581 duramentum
1134 3505 1314 3599 deponere
1334 3505 1404 3578 ob-

202 3612 316 3685 stricti
333 3612 404 3684 sint
437 3605 480 3702 ¹).

230 3838 244 3864 ε
275 3822 337 3878 vta.
353 3814 468 3890 capitur.
490 3837 552 3877 cnm
570 3829 630 3880 eod.
651 3829 744 3896 stipui.
760 3829 789 3880 in
808 3829 897 3894 Opere
915 3827 959 3878 eui
983 3825 1038 3877 nn.
1058 3821 1211 3888 Ennii-antio
1227 3821 1305 3876 turis
1325 3823 1404 3878 ilun-

281 3897 374 3964 gnrlne
391 3897 417 3946 in
432 3898 516 3948 Rure.
532 3898 607 3948 rubr.
624 3905 653 3950 ct
665 3901 760 3952 Podoi.
776 3902 844 3950 Doc.
861 3899 896 3950 X.

281 4040 362 4088 vest.
376 4037 474 4088 comit.
486 4053 511 4102 p.
533 4038 584 4089 198
604 4045 633 4089 et
643 4055 702 4108 seq.
717 4043 782 4092 item
796 4044 904 4092 [atone
919 4037 992 4090 Hist.
1012 4036 1073 4086 crit.
1089 4036 1120 4086 T.
1136 4032 1177 4088 11.
1195 4048 1220 4102 p.
1242 4034 1285 4087 69.

281 4108 349 4158 Anni
367 4105 443 4160 1453.
462 4107 488 4156 ln
504 4109 594 4158 Praei.
611 4116 638 4158 et
655 4117 706 4165 art.
721 4113 746 4162 1.
761 4119 789 4162 et
802 4114 827 4162 2.

235 4172 264 4240 ⁴¹)
283 4177 356 4242 Dtpt
370 4177 498 4226 Uladlslal
516 4179 547 4227 ΙΙ.
563 4179 596 4227 da
613 4182 692 4230 Anno
708 4179 783 4232 1490.
802 4181 828 4231 in
844 4181 923 4241 corp.
938 4178 1000 4226 dnn.
1016 4175 1104 4238 Rung.

232 4247 261 4311 ⁶)
279 4247 405 4367 Gorbr9m
433 4260 483 4310 per
506 4249 705 4303 vendicandum
725 4253 744 4302 1.
768 4250 876 4304 articuli
898 4249 931 4298 de
952 4248 1032 4298 nono
1056 4246 1132 4297 15³7.
1159 4245 1186 4296 in
1201 4243 1294 4309 specie
1319 4257 1408 4308 supra

282 4318 387 4368 citt.

239 4381 263 4452 ί)
280 4385 397 4452 Dtpionr.
412 4385 507 4453 inaug.
523 4387 666 4444 Franeieci
683 4391 704 4447 1.
717 4375 788 4460 bug.
814 4391 847 4446 de
864 4391 944 4444 Anno
968 4385 1046 4446 tres.
1058 4391 1086 4441 et
1103 4385 1271 4442 anteriorum
1287 4387 1405 4452 nepum,

243 3822 257 3890 l

228 3962 260 4029 ⁵)
278 3965 320 4019 De
335 3978 405 4018 anno
423 3963 490 4018 etta
508 3963 534 4016 in
550 3967 631 4033 Coro.
644 3960 703 4021 dur.
722 3970 884 4022 camerone
901 3965 1033 4017 carnfirm.
1049 3963 1169 4029 desuper
1186 3965 1402 4028 ap.1tovacntcn

234 4101 261 4168 ⁰)

229 2285 473 2360 facultate“
492 2323 544 2338 --
563 2281 839 2373 observaturos,
867 2284 1095 2377 facturosque
1124 2307 1188 2380 per
1215 2285 1302 2360 alios
1322 2297 1402 2362 o'm-
1434 2359 1437 2364 .
