3138 4858
1321 235 1370 310 ts

171 398 419 493 Francolnrti,
445 399 506 475 vel
535 402 626 499 opud
653 402 809 477 Polonos
840 402 873 494 ⁸)
904 400 1089 494 aliquando
1121 401 1367 493 usuveniebal,

173 514 210 578 et
227 509 264 578 in
283 505 410 600 Regno
427 503 621 578 Bohcmiae
639 504 827 579 hodiedum
845 506 1005 601 persistit
1022 500 1100 594 aa),

217 626 256 711 1)
279 626 509 690 Ferdinondum
531 629 576 707 1.‚
610 648 679 691 oum
709 628 806 690 Albae
836 634 1057 702 coronaretur,
1087 623 1216 708 Equites
1240 635 1368 689 auratos

256 733 398 792 creasse,
421 712 559 778 Ursinus
583 717 621 777 ad
644 734 761 777 morem
784 715 1012 796 praevigentem
1036 714 1253 793 provocando,
1276 711 1383 791 tidem'

257 797 390 885 faciti),
416 800 637 881 Sigismundus
660 803 701 864 Αο
720 799 812 863 1387.
834 800 883 861 die
907 797 1129 862 coronationis
1144 805 1226 860 ‘snae
1249 798 1367 861 Panta-

255 885 375 949 leonem
397 885 499 947 barbo
529 887 683 950 Venetum
704 887 856 968 Legatum
879 884 1023 967 Equitem
1055 884 1168 947 iecisse
1190 885 1368 969 legitote).

190 968 251 1054 ii)
277 971 368 1045 Quod
385 991 460 1035 vero
481 971 630 1037 bonorem
652 973 735 1035 bunc
757 972 850 1033 etiam
873 972 999 1034 diverso
1022 969 1270 1034 acoronatione
1285 980 1368 1034 tem·

255 1076 331 1139 poro
352 1059 454 1140 Reges
476 1058 675 1123 benemeritis
698 1057 876 1136 tribuerint,
899 1057 1059 1137 complura
1083 1057 1209 1120 omnino
1230 1056 1368 1120 existunt

255 1145 400 1226 uestigia,
423 1145 455 1208 in
479 1147 582 1226 specie
604 1146 637 1207 in
660 1145 793 1226 quodam
816 1152 866 1206 sat
887 1151 1010 1206 vetusto
1028 1143 1241 1223 manuscripto
1255 1142 1368 1208 Adcmi

255 1232 384 1295 condam
405 1226 589 1314 Rajcadnyi,
612 1240 722 1312 postea
743 1230 869 1312 Aloysii
890 1229 960 1292 Lib.
982 1228 1116 1291 baronis
1133 1229 1365 1312 Mednydszky,

255 1320 337 1399 quod
355 1317 480 1381 titulum
503 1318 648 1396 „Liber
671 1316 865 1379 Stilorum
890 1313 1185 1378 cancellariae“
1209 1315 1242 1376 in
1262 1314 1366 1378 fronte

217 1417 221 1424 ·
256 1404 355 1488 gerit,
385 1411 415 1466 et
437 1403 604 1466 formulam
633 1405 715 1465 inter
746 1403 852 1482 plures
881 1397 978 1483 hujus
1001 1401 1125 1480 generis
1148 1395 1288 1476 exbibet,
1310 1420 1367 1481 per

255 1509 346 1571 quam
371 1489 470 1566 idem,
493 1509 582 1570 quem
606 1507 703 1571 snpra
724 1489 978 1562 nominaveram,
1001 1485 1218 1548 Ferdinandns
1241 1486 1365 1549 titulum

253 1577 365 1640 Auratl
386 1575 531 1657 Equitis,
560 1583 596 1638 ut
616 1576 682 1639 Rex
704 1575 904 1654 Hnngoriac,
939 1590 1085 1651 supremo
1107 1573 1251 1646 Musico,
1275 1579 1365 1654 atque

254 1663 451 1744 organistae,
474 1661 727 1726 excellentissimi
750 1657 915 1741 cujusdam
935 1658 1112 1738 Principis,
1135 1659 1256 1721 reticito
1275 1660 1364 1722 utri-

143 1798 145 1804 .
254 1768 352 1830 usque
374 1748 509 1822 nomine,
532 1748 666 1831 largitus
689 1755 748 1811 cst.
772 1747 900 1823 Simile,
923 1753 958 1807 ut
980 1745 1043 1807 dici
1064 1755 1166 1822 amat,
1190 1744 1364 1820 Stilonium,

254 1835 336 1897 inter
358 1841 426 1896 aeta
458 1832 669 1898 cancellariae
697 1832 813 1912 Regiae
842 1839 1077 1908 conservatum,
1111 1832 1260 1893 bonorem
1283 1831 1365 1894 burm

252 1938 348 2000 porro
372 1919 462 1979 etiam
492 1936 574 1980 anno
603 1920 703 1980 adhuc
733 1917 828 1980 1590.
852 1927 939 1978 extra
968 1916 1197 1978 coronationem
1228 1916 1365 1980 conferri

253 2003 453 2066 consuevisse
497 2008 639 2067 testatur.
690 2001 854 2062 Prioribus
894 2001 944 2061 bis
979 2001 1151 2080 exemplum
1187 2003 1363 2081 Stephanus

252 2089 387 2150 Bnrdius
422 2086 571 2150 victoriae
604 2090 642 2149 de
675 2086 789 2148 Turcis
831 2092 1007 2166 reportatae
1048 2087 1182 2148 nuncius
1226 2088 1362 2166 praebet,

251 2173 404 2238 A01522.
440 2191 458 2232 a
487 2171 649 2236 Ludovieo
679 2173 718 2238 11.
749 2171 873 2254 gladio,
906 2171 1158 2250 calcaribusque,
1191 2180 1220 2233 et
1255 2181 1363 2251 torque
1530 2227 1533 2236 .

251 2279 347 2322 aureo
378 2260 531 2334 donatus,
566 2259 748 2339 solemnique
778 2259 862 2336 ritu,
895 2257 1118 2320 assistentibus
1149 2277 1165 2318 e
1195 2258 1364 2320 Procerum
1478 2253 1482 2263 '

252 2347 361 2408 ordine
376 2362 466 2426 quam
489 2346 646 2424 plurimis,
670 2346 702 2407 in
718 2343 864 2425 Equitum
888 2345 1078 2407 Auratorum
1095 2364 1256 2406 numerum
1276 2343 1363 2406 rela-

250 2440 320 2510 tus,
343 2439 377 2493 ut
398 2430 489 2492 testis
511 2433 558 2496 rei
580 2441 684 2514 gestae
699 2431 898 2512 lstva'nllyus
921 2438 1045 2492 enarrat
1059 2427 1103 2512 (¹).
1128 2427 1237 2494 Utrum
1261 2437 1363 2493 autem

251 2518 325 2580 haec
356 2527 535 2580 ornamenta
568 2518 699 2580 caeteris
729 2518 821 2580 etiam
851 2517 1019 2599 Equitibus
1050 2515 1258 2580 obvenerint?
1292 2517 1362 2597 quis

251 2611 359 2666 auctor
381 2603 414 2665 in
436 2601 543 2668 Patrio
567 2603 686 2667 fueriti
714 2604 882 2668 etiamnum
906 2603 937 2666 in
961 2604 1094 2666 obscuro
1118 2611 1175 2664 est.

692 2814 730 2904 §.
759 2815 842 2888 358.

580 2964 684 3041 Ordo
702 2968 740 3038 S.
759 2966 950 3058 Stephani.

264 3131 422 3226 Eodem,
460 3156 528 3230 quo
558 3131 802 3228 sigismundus
829 3134 915 3206 Jnre
943 3131 1124 3224 utebatur,
1162 3133 1355 3230 eademque

163 3243 341 3334 potestate
370 3235 480 3308 Maria
510 3237 682 3310 Theresia
707 3237 813 3309 Anno
846 3239 953 3310 1764.
986 3237 1042 3309 die
1068 3238 1102 3310 6.
1133 3232 1225 3327 Μαί,
1255 3235 1358 3309 editis

165 3336 369 3413 solennibus
389 3339 531 3411 Litteris
562 3341 619 3429 ⁰),
645 3341 788 3434 proprie
807 3338 1043 3433 Hungaricum
1068 3335 1228 3412 Sancti
1256 3338 1359 3414 Ste-

162 3442 303 3538 phani
339 3441 476 3533 Regis
513 3440 790 3535 Apostolioi
830 3441 1051 3512 Ordinem
1078 3443 1214 3529 erexit,
1254 3441 1355 3529 eujus

162 3544 312 3636 Magnus
330 3543 502 3636 Magister
527 3544 564 3612 in
582 3551 753 3636 perpetua
772 3549 932 3636 tempora
960 3545 1038 3636 ipsc
1056 3539 1136 3612 Rex
1153 3541 1354 3632 Hnmgariae
1411 3613 1414 3620 ,
1445 3571 1447 3576 ·

163 3645 279 3736 foret,
315 3643 553 3719 Cancellarius
586 3643 698 3730 idem,
735 3645 793 3738 qui
821 3643 914 3716 illius
942 3665 1007 3738 pro
1045 3651 1207 3738 tempore
1243 3641 1387 3714 Aulae‘

163 3744 413 3820 cancellarius.
426 3745 722 3835 Quemadmodum
739 3767 828 3819 vero
848 3767 980 3818 summa
998 3747 1034 3818 in
1052 3745 1118 3818 hac
1136 3743 1357 3819 institutione

163 3897 371 3915 ——1-

192 3963 219 4029 ⁸)
239 3966 375 4032 Lenpnich
394 3968 447 4018 Jus
460 3966 539 4018 Publ.
557 3967 687 4018 Polonlee
704 3967 734 4018 Τ.
755 3969 774 4018 l.
791 3967 820 4020 b.
841 3969 867 4020 2.
886 3967 916 4020 G.
937 3970 960 4022 t.
980 3982 1004 4034 p.
1024 3964 1083 4022 itt.

194 4051 223 4117 lt)
242 4055 285 4104 De
304 4053 376 4104 bello
392 4055 548 4106 Pannonico
563 4056 592 4107 b.
607 4055 632 4106 2.
653 4069 682 4126 p,
696 4054 739 4108 38.
905 4054 908 4096 ἓ

191 4143 218 4210 ο)
237 4141 319 4192 nean.
342 4140 508 4192 cruentatam
525 4140 617 4192 scorta
630 4117 783 4208 nr'turugn.
803 4143 866 4194 om.
888 4141 965 4193 metir.

191 4223 220 4294 ἆ)
240 4228 346 4280 bllator.
367 4229 396 4278 b.
415 4229 440 4277 7.
459 4227 522 4278 edit.
540 4241 616 4279 meae
636 4243 660 4293 p.
680 4229 722 4280 66.

193 4310 219 4379 ο)
238 4314 358 4376 Quorum
375 4313 542 4378 Autogrspb.
559 4314 586 4363 in
599 4314 712 4368 Archiv.
727 4318 795 4382 fleg.
809 4317 906 4370 videre
923 4316 1028 4383 poteris
1045 4314 1096 4367 rub
1111 4310 1193 4365 Tltul.
1210 4307 1357 4362 constitut.

239 4397 322 4464 lnslg.
341 4397 432 4453 Ordin.
451 4398 481 4450 s.
498 4399 638 4466 Stephani.
