3144 4860
739 453 746 470 .
779 401 860 472 104.

450 529 524 624 ¹An
551 546 649 599 noca
680 401 911 618 obposuitque
940 527 1109 617 amplias.

290 672 445 743 Tametsi
470 675 576 764 igitur
599 675 722 766 negari
743 679 908 766 nequeat,
934 674 1134 767 priusquam
1157 672 1387 750 baereditatis

190 773 276 846 ordo
308 771 437 845 fuisset
469 773 662 864 stabilitus,
700 775 1009 862 assecurationes,
1038 772 1081 845 de
1110 775 1235 869 quibus
1270 798 1386 851 sermo

188 877 351 964 vertitur,
379 873 422 945 ad
442 874 641 946 uberiorem
663 877 800 948 scilicet
822 884 1004 970 pactorum
1022 873 1267 966 bilateralium,
1290 879 1387 969 juri·

188 998 314 1072 umque
346 977 636 1072 applicationem,
664 1000 706 1048 ac
736 975 949 1073 praesidium
975 1016 1027 1029 --
1046 999 1111 1071 pro
1144 977 1387 1069 adjunctorum

190 1079 397 1152 diversitate
435 1118 487 1132 -
517 1077 700 1152 confectas
733 1081 916 1166 variasse,
968 1078 1118 1172 diploma
1149 1079 1386 1173 nibilominus,

189 1181 284 1275 quod
306 1182 434 1272 singuli
445 1180 613 1275 deinceps
631 1180 751 1274 Reges
767 1203 879 1276 usquc
900 1177 1156 1253 Ferdinandum
1175 1183 1386 1276 Augustum,

190 1283 291 1377 hujus
318 1284 470 1355 nominis
491 1286 647 1377 quintum
667 1281 863 1371 ediderunt,
881 1284 957 1374 ejus
990 1291 1046 1354 cst
1072 1283 1213 1374 indolis,
1238 1294 1277 1356 ut
1303 1283 1388 1356 illud

192 1387 296 1458 solita
316 1382 428 1457 forma
456 1385 522 1456 sibi
545 1384 718 1473 oblatum,
746 1406 813 1454 nec
834 1383 999 1475 Principi,
1027 1405 1233 1479 quamquam
1254 1405 1388 1457 neces-

192 1491 285 1559 sario
309 1485 525 1574 succedenti,
552 1506 721 1560 recusare
742 1487 916 1577 integrum
934 1483 1039 1570 foret,
1068 1495 1122 1556 ast
1142 1508 1209 1558 nec
1229 1485 1387 1559 Statibus

191 1589 283 1662 aliud
303 1593 460 1682 exigere.
490 1586 651 1662 Innititur
670 1589 763 1658 enim
783 1596 887 1680 paeto
909 1583 1173 1676 fundamentali,
1197 1608 1385 1682 secumque

189 1695 266 1784 ipso
287 1689 460 1784 pugnaret
487 1693 730 1784 apertissime,
759 1700 798 1760 ut
829 1710 922 1761 nova
955 1683 1164 1782 Capitulatio
1192 1688 1240 1760 ibi
1269 1690 1387 1760 locum
1475 1683 1477 1687 ’

190 1796 316 1887 capiat,
342 1792 401 1863 ubi
429 1813 496 1862 nec
525 1797 732 1886 interregno
756 1792 902 1886 amplius
932 1791 1024 1861 ullus
1053 1791 1199 1864 relictus
1229 1789 1386 1862 babetur.

190 1893 300 1978 Quam
320 1892 512 1964 doctrinam
534 1913 599 1985 per
627 1914 666 1964 se
691 1893 898 1979 naturalem,
926 1903 1030 1984 atque
1057 1893 1296 1984 planissimam
1316 1914 1388 1964 non

188 2016 272 2065 usus
295 2003 427 2062 tantum
447 1995 633 2062 continuus
653 1992 812 2079 roborat,
833 1993 897 2062 sed
913 1995 990 2083 ipse
1012 1994 1178 2063 articulus
1198 1995 1386 2087 Diploma-

188 2099 234 2165 tis
254 2095 406 2180 ultimuS,
435 2091 641 2186 spondendo
660 2093 936 2188 praesentis
964 2090 1207 2183 diplomaticae
1233 2114 1384 2165 assecu-

187 2196 336 2268 rationis
364 2197 645 2288 acceptationem
675 2195 720 2285 ¹).

743 2394 750 2410 .
783 2343 865 2415 105.

369 2472 451 2543 Aut
467 2463 661 2562 ‘quaedam
688 2342 846 2540 abactio
875 2467 999 2540 locam
1025 2467 1191 2540 babeat?

288 2619 433 2692 Interim
465 2627 605 2705 mutuo,
635 2627 739 2712 atque
767 2615 880 2688 libero
913 2619 1077 2711 utrinque
1109 2635 1287 2692 consensu
1318 2614 1385 2688 boc

187 2719 258 2794 non
277 2721 439 2796 obstante
457 2720 600 2792 alterari
616 2719 792 2814 quidpiam
806 2758 857 2770 --
875 2718 985 2792 salvis
1004 2717 1238 2800 fundamentis
1258 2755 1311 2770 -
1323 2718 1386 2792 vel

188 2823 267 2894 addi
285 2825 401 2912 etiam,
423 2833 483 2895 aut
502 2823 630 2894 clarius
656 2824 805 2914 exprimi
817 2840 948 2914 posse,
975 2841 1035 2891 ras
1056 2824 1132 2916 ipsa
1153 2823 1319 2916 loquitur,
1342 2843 1385 2890 ae

188 2929 314 2998 iterum
333 2924 559 2997 observantia
577 2926 680 2998 testis
704 2933 778 3011 est;
807 2922 850 2993 ad
872 2943 974 3016 quarn
995 2925 1026 2996 si
1047 2928 1270 3016 respiciatur,
1292 2922 1384 3016 dup-

188 3028 250 3098 lex
267 3064 319 3078 -··-
337 3047 405 3098 nec
427 3024 568 3100 obvium
586 3064 638 3078 -
657 3026 844 3098 discrimen
865 3024 1065 3116 Diplomata
1083 3022 1219 3116 Caroli,
1249 3035 1284 3096 et
1307 3025 1384 3113 ejus

190 3126 281 3200 filiae
301 3127 433 3200 Mariae
455 3128 670 3218 Therasiae,
688 3128 732 3199 ad
755 3147 794 3198 se
813 3129 966 3198 invicem
989 3125 1204 3216 combinata,
1231 3147 1383 3218 reprae-

189 3239 329 3302 sentant
358 3229 404 3320 b).
432 3269 484 3285 ·-
511 3229 599 3302 Nam
628 3234 664 3302 in
683 3232 794 3324 priori
820 3231 954 3300 inserta
978 3227 1093 3300 luerat
1117 3228 1317 3300 conditioni·
1335 3226 1386 3297 3²·

143 3400 148 3412 ,
189 3332 344 3406 clausula
365 3331 574 3404 conditionis
592 3335 738 3427 primae,
764 3330 818 3404 bis
834 3330 975 3404 verbis:
999 3340 1230 3424 „praenotato
1245 3329 1384 3424 Regno,

190 3444 251 3526 „ct
271 3433 385 3506 cide'm
406 3431 552 3504 adnexis
577 3433 733 3526 partibus
760 3431 823 3504 sub
845 3432 1048 3505 modalitate
1073 3433 1296 3527 supradictae
1320 3429 1386 3504 In-

189 3537 478 3629 „terpretctionis
515 3534 567 3606 dc
603 3553 709 3622 usu,
750 3541 796 3603 et
831 3532 1089 3602 intellectu
1124 3535 1302 3624 legum,
1340 3542 1386 3606 at
1459 3621 1462 3629 Ι

189 3639 592 3730 „Privilegiorum
620 3634 662 3708 de
691 3644 766 3708 toto
798 3632 1187 3726 reincorporabimus,“
1229 3653 1318 3726 quae
1348 3634 1384 3703 in

187 3742 378 3834 posteriori
395 3742 646 3834 praetermissa
664 3737 822 3811 habetur.
844 3735 1037 3808 Praeterea
1055 3736 1202 3829 speciali
1221 3733 1384 3822 articulo,

188 3840 314 3913 eodem
349 3837 534 3914 Conventa
567 3841 708 3914 condito
740 3841 793 3932 ⁶),
829 3840 1051 3932 excipiuntur
1085 3838 1126 3909 ab
1162 3835 1285 3908 eadem
1319 3832 1386 3905 bac

189 3944 362 4016 clausula:
401 3943 427 4016 Ι.
456 3944 540 4017 Jura
567 3943 860 4032 fundamentalia,
895 3940 1098 4030 libertates,
1135 3941 1382 4026 immunitates,

187 4045 463 4142 Praerogativae
484 4046 654 4138 Statuum,
682 4046 909 4138 ordinumque
928 4042 1141 4137 Hungariae,
1169 4063 1211 4114 ac
1231 4041 1391 4114 Partium⁴

189 4176 395 4190 ffl-

216 4219 240 4271 ³)
261 4221 369 4284 inspice
389 4223 463 4271 univ.
479 4221 597 4286 Diplom.
615 4224 707 4287 luaug.
723 4237 736 4272 a
758 4220 857 4270 Carolo
873 4219 918 4270 Vl.
935 4218 967 4268 ad
982 4219 1113 4271 ultimum.

195 4295 198 4302 ⁴
216 4288 243 4346 t)
263 4290 342 4340 Corui.
360 4291 429 4342 Auni
448 4293 524 4345 1715.
540 4295 566 4344 2.
583 4307 645 4346 cum
666 4290 742 4346 1711.
757 4293 783 4342 2.

217 4363 241 4427 ο)
261 4360 332 4412 Anni
348 4359 424 4415 1711.
442 4363 467 4415 8.
