3122 4852
250 189 321 262 108

332 352 439 435 „modi
456 350 712 432 Seminariorum,
735 352 954 430 convictuum,
976 358 1006 416 et
1023 350 1235 433 collegiorum
1250 371 1307 433 pro
1321 347 1441 436 juren-

331 449 417 520 „tutc
439 439 667 518 ecclesiastice,
697 450 751 504 aut
782 439 916 506 seculari
946 459 1001 520 per
1031 458 1231 520 quoscunque
1255 439 1322 500 sive
1345 439 1440 514 intra,
1500 488 1505 497 .

333 529 421 606 „sive
445 534 532 586 extra
552 527 692 607 Regnum
725 528 944 600 fundatorum,
976 527 1069 599 dum,
1100 533 1129 586 et
1161 526 1283 605 quando
1314 543 1441 586 necesse

331 612 527 690 „videbitor,
550 612 790 692 inspectionem,
814 621 933 674 etcum
958 611 1117 673 exactione
1140 611 1313 685 rationum,
1337 619 1440 672 utrum

330 697 528 778 „fundationi
559 699 707 776 satisfiat,
739 697 1010 778 investigationem
1045 697 1140 759 Sacro
1171 698 1259 778 regia
1286 694 1441 780 Majeetas

331 783 415 860 „sibi
443 783 505 845 soli
526 803 584 863 pro
606 785 778 866 apostolico
802 803 948 862 munere,
971 791 1001 846 et
1017 803 1166 865 supreme
1183 783 1366 848 auctoritate
1382 801 1443 847 sua

333 873 527 948 „reservet.“

759 1060 793 1147 §.
825 1064 909 1136 500.

588 1214 774 1303 Respecto
793 1213 1096 1284 Proteetuntz'em.

345 1382 535 1478 Quaequae
553 1385 589 1454 in
608 1395 834 1479 praesentem
861 1385 1042 1456 materiem
1067 1382 1237 1455 hactenus
1257 1381 1441 1456 disserui-

243 1505 342 1573 mus,
371 1489 510 1556 tametsi
536 1489 720 1580 potissime
739 1507 803 1558 sua
827 1497 928 1581 parte
948 1487 1116 1557 duntaxat
1141 1484 1184 1555 ad
1203 1483 1345 1557 scholas
1366 1482 1442 1556 Ca-

244 1585 394 1656 tholicas
414 1586 578 1657 diversae
607 1583 846 1678 cathegoriam
872 1589 1125 1680 pertinuerint:
1155 1585 1197 1656 ab
1224 1586 1361 1680 epocha
1379 1589 1443 1659 in-

243 1686 365 1772 terim,
394 1705 461 1778 que
479 1708 573 1757 nove
592 1686 867 1758 Protestantium
888 1687 1052 1778 dogmate
1073 1709 1119 1757 ex
1147 1690 1219 1757 oris
1238 1690 1443 1781 peregrinis

243 1788 279 1856 in
297 1785 510 1879 Hungariem
528 1795 781 1881 penetrarunt,
810 1791 993 1882 utriusque
1013 1785 1281 1876 Confessionis,
1308 1789 1445 1880 Augu-

244 1897 368 1960 stanae
394 1887 586 1978 videlicet,
614 1899 650 1960 et
676 1888 885 1962 Helveticae
915 1889 1076 1962 asseclae
1104 1887 1254 1962 Scholos
1284 1888 1347 1960 sub
1366 1893 1444 1961 ini-

244 1993 327 2062 tium
348 1989 487 2086 quidem
505 1991 662 2085 privatos
691 1991 806 2063 solum
834 1999 1052 2080 erexerant,
1081 2000 1135 2062 ost
1163 1994 1278 2062 senius
1298 1990 1361 2064 sub
1380 1992 1443 2062 le-

243 2112 324 2187 gum
342 2096 577 2189 patrocinium
603 2104 790 2189 receptas,
818 2097 1011 2188 praecipue
1038 2093 1184 2188 palmari
1211 2091 1291 2181 illa,
1319 2094 1354 2164 in
1379 2093 1441 2164 ie·

242 2215 366 2267 vorem
392 2195 689 2288 Evangelicorum
717 2199 899 2290 utriusque
932 2193 1200 2284 confessionis,
1228 2194 1311 2268 diro
1338 2195 1438 2267 Leo-

242 2295 350 2390 poldo
369 2295 412 2366 11.
432 2307 631 2388 regnante,
660 2297 797 2391 perlata
827 2299 872 2386 ⁸).

648 2543 650 2546 ’
769 2521 806 2606 ὃ.
837 2524 922 2596 501.

453 2669 547 2740 Post
569 2658 776 2741 Articulum
803 2670 866 2742 26.
895 2671 1001 2744 1791.
1030 2670 1231 2744 candetum.

343 2832 516 2932 Competit
545 2859 672 2932 nempe
700 2838 833 2910 eisdem
863 2837 1010 2913 Scholas
1030 2849 1100 2913 tem
1126 2843 1307 2932 triuiales,
1336 2839 1441 2938 quam

241 2941 486 3032 grammaticas
514 2950 683 3029 veteres,
721 2960 808 3035 quas
836 2939 984 3032 hahent,
1016 2947 1201 3034 retinere,
1242 2955 1278 3015 et
1305 2965 1435 3034 novas,

240 3038 438 3135 ubicunque
463 3062 615 3114 necesse
643 3044 686 3113 iis
712 3045 828 3114 visum
846 3040 975 3132 fuerit,
1002 3055 1108 3140 prout
1137 3057 1173 3118 et
1192 3045 1337 3119 altiores
1358 3050 1437 3117 eri-

239 3163 352 3237 gere,
378 3142 441 3213 has
471 3151 589 3215 tamen
616 3143 810 3215 accedente
841 3149 988 3240 praevie
1014 3168 1165 3219 assensu
1188 3151 1313 3241 ragi03
1342 3170 1437 3220 con-

241 3245 388 3316 stituere
407 3242 598 3337 Magistros
618 3244 873 3334 Professores,
903 3255 938 3318 et
962 3245 1207 3320 Moderatores
1226 3253 1350 3322 variae
1369 3272 1438 3321 ca-

238 3343 425 3437 thegoriae
451 3367 577 3416 esuae
608 3342 856 3417 Confessionis
885 3347 1104 3436 hominibus3
1131 3354 1325 3442 rationem,
1345 3374 1438 3423 nor-

238 3467 349 3535 mam,
388 3456 424 3517 et
451 3447 609 3518 ordinem
641 3447 834 3520 studiorum
870 3447 1048 3541 defigere,
1087 3449 1186 3523 salva
1223 3453 1337 3545 quoad
1373 3453 1438 3525 has

240 3551 344 3618 etiam
363 3545 512 3620 Scholas
531 3551 654 3641 regiae
674 3569 861 3643 supremae
874 3549 1111 3644 Inspectionis
1129 3563 1320 3646 potestate.
1334 3554 1439 3640 Quod

239 3651 308 3718 etsi
326 3647 382 3718 hic
400 3669 465 3740 per
484 3669 695 3741 expressum
725 3671 797 3722 non
816 3662 1023 3741 caveretur,
1051 3658 1129 3748 ipsa
1157 3657 1277 3750 utique
1296 3656 1439 3728 indoles
1462 3725 1464 3728 .

237 3745 459 3836 Maiestatis,
488 3757 527 3818 ut
545 3749 631 3820 elias
652 3751 822 3840 diximus,
843 3763 968 3848 suapte
988 3775 1108 3826 secum
1133 3754 1214 3828 fert.
1233 3755 1325 3829 'Non
1344 3760 1441 3829 enim

237 3849 351 3919 minus
380 3851 530 3918 interest
554 3869 685 3940 nosse,
714 3854 853 3945 quinam
881 3854 953 3926 illic
978 3857 1151 3928 litteraria
1182 3857 1335 3952 collegia
1353 3881 1439 3930 mo-

239 3949 424 4035 derentur,
456 3945 578 4040 quales
605 3950 859 4045 Professores,
888 3965 924 4028 et
960 3953 1063 4050 quid,
1092 3959 1336 4055 ecquomodo
1363 3959 1438 4033 do-

228 4055 345 4142 ceant
362 4047 609 4120 iuventutem,
645 4075 648 4084 ·
769 4139 772 4144 Ι
856 4071 860 4081 ·
1435 4059 1437 4063 -

238 4219 447 4235 *—

268 4327 294 4394 ε)
314 4325 391 4380 aree.
411 4315 477 4380 aa·
