3122 4852
1283 335 1288 376 t
1316 292 1367 370 99

172 470 353 558 postrema
382 457 608 535 aveteribns
641 460 766 551 juxta,
804 482 848 534 ao
873 460 1132 538 recentioribus
1169 459 1368 556 privilegiis

173 585 271 636 snam
297 562 439 635 trahunt
466 565 649 656 originem.
696 561 739 635 Et
768 566 859 635 istae
890 565 1029 657 quidem
1056 584 1180 637 omnes
1208 564 1366 636 Decreto

172 664 345 760 Leopoldi
362 663 405 736 ΙΙ.
438 666 470 756 ·)
497 665 705 736 exercitium
732 665 839 761 plene
865 664 1012 737 liberum
1038 669 1074 739 in
1101 666 1281 758 Hungaria
1299 666 1368 738 ha-

173 767 271 856 bent,
300 789 372 839 non
403 771 486 840 item
514 769 550 838 in
578 766 735 856 Oroatia,
769 767 986 857 Solemnis,
1014 779 1051 840 et
1081 768 1275 858 Dalmatia,
1309 767 1369 839 ubi

174 869 374 964 municipali
393 872 644 945 constitutione
664 889 729 941 suo
748 868 830 941 loco
851 869 988 960 relicta,
1005 868 1216 963 Evangelioi
1233 872 1370 944 utrius-

176 993 243 1067 que
262 969 501 1044 confessionis
521 970 562 1043 ab
595 972 744 1059 ciliciis,
773 981 809 1043 et
832 970 936 1046 bonis
966 971 1192 1066 possidendis
1220 970 1371 1046 hucdnm

175 1072 384 1146 arcebantur
413 1072 460 1164 b).
507 1073 593 1146 Post
621 1075 989 1167 reincorporationem
1021 1095 1111 1148 vero
1145 1072 1370 1146 comitialiter

176 1176 354 1250 decretam
373 1172 608 1249 Comitatunm
625 1175 804 1263 Kromna,
834 1171 993 1248 Snolnok
1011 1176 1214 1264 mediocris,
1241 1185 1278 1246 et
1294 1173 1370 1246 Za·-

174 1277 285 1368 rdnd‚
313 1299 392 1350 cum
409 1277 579 1350 Districtu
598 1277 736 1367 lieven,
757 1297 846 1370 quae
865 1287 970 1349 antea
988 1277 1033 1353 ad
1050 1277 1211 1370 Regnum
1228 1276 1371 1350 diemo·-

176 1381 370 1474 politanum
388 1378 615 1473 spectabant,
645 1389 680 1450 et
698 1379 966 1452 'transilvaniae
984 1379 1204 1476 Principibus
1222 1377 1372 1452 condem

179 1503 283 1554 cessa
311 1481 383 1554 illic
410 1484 552 1552 nomine
580 1482 792 1553 Partium
818 1480 1031 1572 veniebant,
1068 1491 1192 1576 quarta
1230 1500 1371 1575 quoque

176 1582 414 1656 Unitariorum
432 1585 586 1658 accessit
616 1583 660 1673 ⁰).

695 1787 733 1873 §.
762 1790 847 1862 486.

533 1939 607 2009 Per
623 1939 746 2026 Leges
763 1953 1011 2028 receptorem.

281 2081 441 2155 Gaudent
470 2102 557 2172 ergo
595 2079 662 2151 hae
690 2080 824 2174 Legum
852 2084 1062 2153 auctoritate
1080 2090 1250 2176 receptae
1268 2081 1373 2154 Reli-

176 2189 302 2277 giones
331 2188 408 2256 sine
436 2180 636 2254 discrimine
681 2181 850 2279 deinceps
880 2187 916 2255 in
943 2192 1114 2277 perpetus
1151 2192 1310 2278 tempora
1338 2185 1375 2254 in

175 2287 354 2380 Hungaria
385 2283 498 2356 libero
528 2305 734 2374 sacrorum,
764 2283 996 2380 templorum,
1031 2287 1201 2372 turrium,
1229 2305 1376 2379 eampu-

176 2408 412 2475 mammosa,
447 2397 556 2480 atque
584 2388 754 2482 proprio,
782 2386 839 2459 nbi
868 2387 1071 2475 voluerint,
1110 2384 1289 2476 Curione,
1318 2389 1373 2458 si-

180 2491 285 2562 modo
306 2485 543 2560 communitas
563 2487 719 2562 ferendis
738 2488 793 2560 bis
813 2489 980 2562 oneribus
997 2510 1063 2584 par
1081 2490 1137 2563 sit.
1164 2487 1377 2585 Dependent

177 2595 213 2663 in
239 2589 501 2660 Ecclesiasticis
528 2592 720 2684 apropriis
751 2589 1087 2686 Superioritatibus‚
1125 2585 1370 2679 consistoriis,

178 2716 220 2764 ac
238 2689 413 2787 Synodis‚
443 2688 653 2784 dequibus,
681 2702 786 2787 prout
805 2702 840 2763 et
858 2691 1132 2766 Fundationibns
1160 2691 1254 2786 piis,
1282 2712 1372 2784 quae

177 2793 289 2888 Regis
318 2795 362 2865 sit
390 2796 606 2882 auctoritas,
641 2793 894 2867 antecedenter
931 2803 1148 2867 notaveram.
1197 2791 1375 2866 Immunes

179 2907 261 2969 sunt
291 2919 310 2966 a
340 2893 521 2989 quibusvis
552 2894 697 2968 alterins
726 2896 924 2990 Religionis
955 2918 1020 2969 seu
1048 2894 1172 2967 ritibus
1202 2893 1375 2982 colendis,

182 3000 260 3070 sive
285 2998 473 3083 ministris,
502 2999 689 3090 servisque
716 2997 864 3068 alendis.
914 2993 1051 3070 Causae
1079 2995 1378 3090 Evangelicorum

182 3096 480 3185 matrimoniales,
500 3097 568 3166 nisi
587 3096 755 3168 alteiutra
776 3101 925 3191 partium
946 3095 1207 3183 cemeliensis,
1227 3096 1270 3166 sd
1288 3118 1380 3190 pro-

185 3201 261 3294 pria
281 3196 472 3267 eorundem
494 3193 736 3287 Consistoria,
763 3197 909 3292 (quibus
930 3197 1057 3270 Graeci
1076 3217 1148 3270 non
1166 3194 1262 3268 Uniti
1278 3218 1380 3270 sem-

183 3322 248 3396 per
277 3297 419 3369 iuerunt
442 3300 599 3394 provisi)
631 3298 690 3370 ubi
718 3299 835 3371 debite
862 3297 1067 3372 coordinata
1095 3294 1249 3386 fuerint,
1277 3299 1380 3374 relc-

183 3412 334 3494 gantur‚
362 3401 497 3471 interea
524 3423 544 3470 a
572 3399 661 3472 ioris
680 3399 900 3476 secularibus
926 3397 1182 3492 dijudicandae.
1219 3400 1380 3496 Dispen-

159 3538 163 3549 s
185 3505 345 3576 sationes
372 3523 462 3574 vero
490 3503 526 3572 in
554 3501 715 3592 casibus,
749 3502 832 3596 lege
858 3505 972 3598 patria
998 3504 1143 3591 vetitis,
1180 3502 1380 3576 concedere

185 3603 296 3699 Regis
316 3612 392 3690 est,
420 3601 709 3698 quemadmodum
733 3605 859 3696 venia,
887 3626 932 3677 ne
951 3605 1118 3676 transitus
1148 3600 1382 3678 acatholicis

188 3708 231 3778 ad
259 3705 387 3802 placita
415 3704 711 3799 Evangelicorum
736 3716 870 3778 temere
897 3705 1004 3793 liant,
1033 3703 1075 3776 ab
1102 3705 1220 3776 altiori
1245 3704 1381 3777 indultu

186 3805 404 3905 impetranda
422 3804 549 3879 iuerat.
577 3808 702 3882 Proles
723 3805 897 3902 deniqne,
925 3806 956 3882 si
974 3807 1079 3880 Pater
1099 3804 1302 3878 Catholicns
1322 3807 1380 3895 sit,

185 3909 486 3983 indiscriminatim
513 3908 616 4000 hujus
645 3909 870 4002 Religionem
897 3907 1130 4005 profitendam
1164 3907 1315 3997 habent;
1352 3909 1383 3980 si

186 4009 449 4102 Evangelicus‚
478 4009 539 4081 lilii
558 4033 659 4084 sacra
678 4015 851 4105 genitoris
870 4014 972 4106 sequi
989 4019 1150 4108 possunt.

215 4193 239 4261 ι)
258 4197 337 4248 1791.
355 4199 398 4250 se.
417 4203 445 4250 ss
462 4201 507 4251 ss.

215 4279 243 4346 s)
263 4284 344 4407 ¹123}
360 4285 405 4406 {2⁸
422 4287 561 4419 Muto.
580 4287 623 4341 so.
648 4285 670 4353 o.
691 4291 716 4342 s.
740 4294 767 4340 aa
795 4289 854 4341 sss.
874 4314 906 4328 -
926 4285 1004 4338 cres.
1026 4281 1070 4340 st.
1088 4281 1112 4348 o.
1130 4279 1283 4338 s-ma
1300 4278 1342 4334 tc.
1357 4309 1385 4322 -

141 4495 143 4500 ,
220 4435 243 4502 e)
264 4435 341 4491 ¹848.
358 4442 401 4492 20.
450 4515 455 4524 .

1115 4504 1187 4580 γῆ
