3146 4864
211 196 260 272 42

207 361 268 435 r'oa
289 361 436 462 opifices
454 359 575 435 sodale
592 359 725 440 laboris
744 369 844 440 socio
876 363 1044 454 destituti,
1074 372 1176 462 atque
1197 363 1238 440 ab
1267 363 1320 438 lis
1339 385 1406 437 re·
1472 345 1483 364 ⁴

207 459 304 561 llqui,
333 468 432 560 queis
462 483 541 536 sors
572 488 708 540 annuos
728 478 867 540 centum
895 465 1120 540 rhenensium
1137 467 1271 540 reditus
1291 467 1406 538 dene-

207 570 318 662 gavit.
347 566 420 636 Hae
439 574 555 638 tamen
575 573 806 664 exceptiones
825 568 1024 665 nullatenus
1044 567 1174 641 feriunt
1191 567 1289 658 illos,
1315 587 1405 662 quos

206 669 320 740 lexin
338 665 542 763 praehabito
570 671 723 764 eligendi
748 674 855 762 jure,
901 680 960 740 aut
985 671 1057 759 jam
1093 669 1344 751 antecedenter
1369 671 1406 740 in

208 765 343 842 Civium
362 768 514 840 classem
532 771 666 844 relatos
686 771 976 867 deprehenderat.
1015 771 1107 868 Eligi
1124 794 1214 845 uero
1233 770 1404 846 indiscri-

207 873 361 942 minatim
379 880 511 967 potest,
538 876 696 970 quisquis
714 879 750 947 in
769 873 950 970 sequelam
975 877 1132 969 priorum
1161 872 1316 968 eligendi
1346 871 1363 944 l
1383 910 1406 924 -

208 972 337 1044 cultate
355 973 478 1070 pollet,
507 973 692 1048 dummodo
713 987 862 1074 quatuor
878 998 984 1070 supra
1001 979 1129 1071 viginti
1148 978 1273 1050 aetatis
1294 994 1406 1049 annos

187 1085 378 1175 numeret,
407 1099 449 1149 ac
466 1076 623 1172 lingvam
641 1079 870 1174 hungaricam
898 1077 1033 1152 calleat.

738 1284 775 1371 §.
804 1287 889 1360 389.

599 1436 827 1530 Medumque
854 1435 1026 1528 ele'pendt.

307 1579 433 1652 Relate
461 1581 504 1653 ad
532 1582 767 1656 modalitetem
792 1586 1018 1678 peragendae
1047 1585 1246 1671 electionis,
1270 1580 1404 1670 juben-

206 1693 263 1757 tur
283 1680 490 1772 GomitatuS,
518 1677 733 1779 privilegiati
751 1685 952 1774 DistrictuS,
980 1697 1015 1756 et
1035 1684 1206 1758 Civitates
1226 1691 1314 1756 voto
1337 1684 1406 1753 do-

198 1789 291 1882 nati,
316 1788 353 1856 in
379 1795 432 1856 tot
461 1787 613 1858 circulos
643 1785 839 1874 subdividi,
867 1796 953 1880 quot
970 1809 1116 1859 numero
1136 1786 1294 1858 Nuneios
1328 1787 1407 1854 sin-

206 1889 299 1983 gulis
318 1886 475 1980 deligere
494 1887 718 1974 conceditur,
746 1889 971 1982 partitionem
997 1889 1088 1961 hanc
1106 1893 1142 1961 in
1175 1885 1404 1960 comitatibus

207 1991 386 2078 centralis,
414 2012 516 2083 quam
535 2001 679 2080 vocant,
706 1990 910 2087 Deputatio,
933 1994 1065 2063 eumin
1084 1985 1405 2073 finemconilanda3
1443 2045 1445 2051 Α

212 2097 248 2166 in
265 2092 490 2166 Distriotihus
517 2094 749 2189 privilegiatis
778 2091 1018 2188 congregatio
1048 2093 1249 2186 generalis3
1285 2093 1322 2160 in
1342 2086 1407 2160 Ci-

212 2195 378 2269 vitatibus
397 2217 475 2266 cum
486 2199 647 2279 interiori
659 2198 817 2266 exterior
827 2195 1066 2289 Magistratus,
1087 2195 1189 2268 simul
1208 2195 1408 2285 designan-

214 2298 258 2369 do
274 2298 368 2386 loca,
395 2295 519 2368 huicce
539 2301 631 2368 actui
649 2300 876 2385 inservitura,
904 2300 1098 2369 instituunt.
1128 2289 1258 2369 Eorum
1277 2303 1404 2392 postea

213 2398 374 2492 singulis,
402 2401 565 2471 seorsive
583 2398 800 2488 coadunatis,
817 2421 923 2470 unum
943 2397 1141 2492 ablegatum
1160 2399 1318 2494 deligere
1337 2396 1404 2468 da-

212 2511 285 2573 tum
310 2508 378 2589 est,
404 2499 508 2594 idque
526 2499 725 2594 pluralitate
741 2510 916 2596 votorum.

735 2704 772 2788 §-
802 2703 886 2778 390.

682 2857 941 2957 Proeecm'peo't.
966 2866 969 2871 '

316 3014 503 3114 Complura
531 3018 643 3090 adhue
661 3018 705 3090 ad
731 3028 845 3090 aetum
864 3017 956 3091 huno
973 3039 1038 3114 pro
1060 3017 1190 3108 objecti
1217 3018 1407 3111 grauitate,

212 3129 318 3217 atque
344 3143 391 3194 ex
422 3121 543 3193 obtutu
574 3121 855 3216 tranquillitatis,
884 3123 1077 3216 salutisque
1101 3125 1295 3193 communis
1323 3139 1410 3212 ergo

214 3223 438 3300 observanda
458 3223 765 3319 praescribuntur,
793 3226 931 3296 scilicet
947 3223 1143 3295 duramenti
1162 3224 1326 3312 formula,
1346 3243 1412 3316 qua

211 3324 368 3398 membra
403 3325 638 3421 deputationis
676 3326 843 3399 centralis
877 3330 913 3399 in
948 3335 1131 3422 posterum
1160 3322 1412 3416 obstringenda

213 3439 313 3516 sunt3
340 3439 445 3522 atque
477 3439 633 3523 tempus,
660 3429 752 3500 intra
792 3428 886 3522 quod
918 3432 1086 3520 terminus
1116 3429 1302 3502 electionis
1330 3431 1414 3518 post

211 3531 342 3604 indicta
362 3526 510 3603 Comitia
528 3530 689 3627 publicus
715 3530 902 3618 reddatur,
940 3532 1141 3604 decernitur
1169 3537 1331 3602 accurata
1349 3527 1410 3595 in-

213 3633 368 3705 colarum
386 3637 489 3707 unius
509 3635 667 3724 cujusvis
694 3633 764 3704 loci
801 3635 1041 3728 conscriptio,
1081 3655 1182 3729 quam
1218 3625 1413 3702 ecentrali

212 3737 389 3808 nominata
408 3735 669 3830 subdeputatio,
696 3734 854 3829 quolibet
872 3738 907 3806 in
935 3736 1067 3808 circulo
1098 3735 1280 3831 speciatim
1300 3727 1413 3827 perli-

213 3841 273 3927 cit,
301 3837 411 3910 tribus
430 3836 569 3909 tabellis
595 3838 732 3926 inserit,
761 3847 797 3908 et
828 3837 975 3909 centrali
1016 3837 1169 3928 collegio
1201 3833 1414 3929 superrevi-

79 3972 86 3990 r
215 3938 363 4021 dendom
390 3938 592 4013 substernit.
619 3938 767 4011 labetur
795 3948 960 4011 votorum
979 3941 1243 4010 connumeratio
1274 3934 1414 4030 publice

213 4044 351 4139 peragi,
374 4040 419 4112 ad
437 4042 731 4122 manutenendum
748 4052 883 4113 rectum
895 4040 1064 4129 ordinem,
1083 4039 1414 4136 praecavendosve,

216 4165 258 4216 ao
275 4142 533 4217 refraenandos
549 4163 721 4217 excessus
733 4143 934 4216 Praesidem
955 4163 1031 4212 cum
1044 4140 1076 4214 N
1080 4145 1207 4234 otario,
1228 4166 1248 4213 a
1267 4139 1414 4212 centrali

213 4247 451 4341 Deputetione
471 4249 684 4336 nominatos,
703 4249 892 4335 interesse,
911 4265 1001 4339 quos
1020 4267 1090 4318 una
1107 4243 1302 4319 Protocolli
1320 4263 1414 4316 con-

215 4345 358 4425 ficiendi
377 4371 461 4424 cura
475 4349 646 4448 respicit,
665 4347 730 4423 scd
747 4349 807 4444 qui
825 4350 898 4445 agit
910 4349 1126 4443 Praesidem,
1145 4350 1230 4445 eligi
1243 4344 1414 4422 ineodem
