3144 4860
1303 215 1350 289 63

238 382 338 466 Reges
359 399 436 447 suos
456 378 495 447 ab
513 379 579 448 d·⁰'
595 367 702 464 that,
725 383 841 450 adduc·
857 379 950 450 1250.
971 401 988 447 c
1011 378 1132 446 duabus
1153 379 1301 446 Sverkeri
1322 387 1353 444 et

108 487 113 493 ·
237 469 324 533 lirici
356 470 510 551 stirpibus
548 470 721 536 alternatim
756 472 908 554 eligebant
923 472 975 553 ¹),
1008 489 1070 532 nou
1105 486 1352 544 commemorem,
1460 473 1463 478 ’

238 555 409 635 exemplum
424 555 561 618 vicinius
577 559 799 635 successionis,
823 557 967 639 populari
983 573 1139 617 consensu
1156 561 1352 634 temperatae,

237 641 368 704 Polcnia
387 642 419 702 in
445 640 661 721 lagcllonibus
691 646 828 710 dederat.
859 643 926 704 lmo
951 640 1131 703 electionem
1158 643 1197 701 ad
1224 641 1352 702 candem

236 725 439 808 regnatricem
466 723 628 792 Familiam
660 738 847 793 coarctatam
871 727 1028 809 plerisque
1059 725 1204 806 Europae
1234 723 1352 807 Regnis

237 812 404 892 aliquando
423 813 621 894 usuvenisse,
646 816 705 878 Vir
719 813 879 879 excellenti
896 814 1039 876 doctrina
1056 811 1192 876 Michael
1211 809 1352 894 ignatius

237 898 377 962 Schmidt
398 897 557 979 praeclare
580 903 761 980 observavit
774 900 819 985 l²).

688 1093 724 1179 δ.
755 1093 814 1164 57.

388 1240 495 1315 Unde
521 1241 685 1336 quadam
713 1190 907 1313 electionis
933 1241 1100 1330 Species.
1177 1263 1179 1269 ·

256 1383 508 1460 Constantinus
528 1390 680 1482 inquam,
710 1391 768 1481 qui
798 1386 840 1458 dc
859 1385 1032 1476 lllajorum
1058 1393 1262 1458 nostrorum
1289 1387 1350 1457 in-

151 1487 333 1561 cunabulis
351 1499 468 1562 aetate
487 1511 617 1586 suppar
647 1490 679 1579 ο)
700 1492 801 1575 scite,
829 1496 865 1559 et
893 1490 1040 1579 copiose
1069 1484 1247 1573 disseruit,
1275 1507 1351 1558 rem

152 1589 242 1664 adeo
271 1613 430 1683 gravant,
458 1615 500 1664 ac
527 1592 671 1688 proprie
700 1587 964 1660 substantialem
989 1589 1144 1675 nescire,
1182 1596 1240 1658 aut
1269 1597 1350 1658 stu-

153 1691 210 1762 dio
242 1697 397 1764 reticere
422 1697 486 1766 vix
514 1695 636 1789 potuit
685 1690 775 1776 Quid
806 1692 914 1781 igitur
952 1687 1058 1776 aliud,
1088 1724 1140 1740 -·
1165 1688 1349 1760 silentibus

145 1797 417 1866 coaevis—ex
440 1799 542 1869 unius
565 1792 745 1887 Anonymi
772 1793 988 1877 narratione,
1017 1789 1242 1882 generalibus
1270 1798 1350 1860 tar-

150 1897 254 1966 minis
272 1892 424 1987 prolata,
453 1905 526 1965 tute
553 1903 666 1966 restat
685 1891 950 1986 colligendum?
978 1894 1047 1962 nisi
1085 1890 1180 1985 quod
1210 1892 1349 1985 simpli-

152 1999 249 2065 citati
267 1993 403 2086 populi,
430 1992 869 2086 ejusdemque'bcllicosac
889 1991 997 2064 indoli
1017 1995 1247 2086 caeteroquin
1267 2014 1348 2065 om-

149 2099 248 2166 nium
278 2095 429 2164 maxime
458 2093 693 2186 congruebat:
738 2094 958 2188 proclamare
985 2115 1112 2190 nempe
1141 2093 1345 2185 Rectorem,

150 2204 258 2288 atque
277 2214 478 2286 supremum
495 2199 713 2267 exercituum
723 2195 871 2285 Ducem,
891 2217 992 2288 quem
1010 2217 1096 2289 prae
1116 2197 1267 2266 cacteris
1286 2195 1348 2268 vel

152 2304 308 2368 strenam
336 2300 557 2392 experientia
585 2299 837 2391 cognovisset,
875 2296 936 2370 vel
971 2297 1097 2370 saltem
1128 2317 1193 2392 spc
1216 2295 1347 2388 valida,

108 2479 111 2484 ,
150 2396 383 2492 undecunque
402 2410 586 2496 concepta,
604 2402 867 2475 vaticinaretur.

678 2605 716 2691 §.
746 2605 806 2676 58.

398 2752 489 2847 ‚Aa
510 2759 657 2844 rapiam
682 2755 849 2844 Stzrpcm
873 2756 1058 2826 restricta.
1121 2713 1125 2719 ⁹

253 2922 378 2997 Verbo
404 2924 533 2998 electio
568 2924 725 3013 isthaec,
768 2929 874 3019 prout
903 2943 980 2993 eam
1004 2919 1184 2995 ductores
1212 2925 1346 3019 passim

152 3026 375 3120 compellant,
405 3025 526 3100 Gentis
555 3029 761 3115 Primorum,
798 3025 989 3097 declaratio
1016 3021 1094 3114 tuit,
1123 3030 1347 3097 assentiens-

152 3149 219 3221 quc
248 3127 369 3223 populi
394 3131 573 3221 voluntas,
600 3152 690 3225 quac
717 3131 753 3198 in
782 3127 923 3199 deiectu
944 3126 1035 3218 legis
1061 3125 1344 3214 fundamentalis,

150 3227 338 3304 haeredem
385 3233 550 3322 specifice
578 3232 823 3324 designantis,
865 3229 1069 3302 neccssaria
1104 3227 1345 3322 reputabatur,

150 3334 352 3425 priusquam
376 3329 531 3405 habenas
555 3354 676 3410 novus
705 3335 890 3426 prinecps,
919 3329 1099 3403 Genitoris
1124 3330 1343 3425 plerumque,
1372 3325 1374 3328 ’

139 3431 512 3508 autPraedeccssoris
533 3436 765 3529 auctoritate,
794 3442 898 3523 atquc
927 3431 1230 3503 commendatione
1259 3429 1341 3503 sul-

149 3531 270 3622 fultus,
305 3535 462 3625 legitime
497 3535 749 3627 auspicaretur.
791 3529 1089 3613 Quemadmodum
1123 3530 1158 3598 id
1185 3531 1342 3601 Historia
1380 3556 1382 3560 ’

149 3635 318 3731 temporis
349 3633 382 3724 d)
411 3637 593 3728 seriesque
610 3632 745 3703 Ducum
771 3633 898 3724 primo,
934 3639 1061 3724 postea
1092 3629 1250 3721 Regum,
1278 3630 1344 3702 sibi
1398 3656 1400 3661 ·

152 3735 273 3808 ardna
307 3735 581 3826 succedentium,
627 3735 730 3808 ducta
760 3731 802 3804 ab
827 3730 972 3827 Arp'ado
1003 3729 1047 3802 ad
1074 3729 1251 3804 Andrean
1280 3729 1341 3804 111.

151 3857 236 3910 suae
257 3841 376 3934 stirpis
394 3840 562 3930 ultimum,
581 3836 731 3911 ubertim
748 3833 966 3910 confirmant.
1050 3889 1054 3897 .

180 4029 205 4085 ¹)
224 4033 296 4082 Frtd.
314 4035 392 4084 itsrbs
411 4029 582 4099 brichton&
607 4031 822 4093 metent-Hellas
840 4033 870 4086 P.
889 4033 913 4083 1.
933 4032 962 4083 h.
981 4030 1008 4083 ³.
1025 4043 1083 4094 pag.
1102 4028 1243 4082 tt.-tos.

164 4096 206 4164 l)
225 4096 291 4152 bace
308 4098 434 4167 &albida
450 4101 489 4153 ter
506 4031 643 4168 identidat.
661 4103 693 4153 Ρ.
711 4099 735 4152 4.
756 4103 783 4152 t..
802 4099 826 4151 t.
846 4101 875 4154 c.
893 4100 936 4153 15.
955 4106 985 4150 et
1001 4101 1079 4152 liutto
1104 4113 1146 4163 op.
1172 4099 1217 4149 etc.
1238 4113 1262 4164 p.
1281 4095 1338 4152 tol.

179 4168 205 4233 c)
224 4172 300 4220 Cant.
321 4173 422 4236 Georg.
440 4172 510 4234 Pray
528 4173 598 4223 llist
618 4175 686 4236 fleg.
706 4173 798 4236 Hung.
816 4173 845 4222 P.
864 4173 887 4221 1.
906 4169 962 4220 not.
981 4175 1075 4236 praev.
1093 4183 1150 4234 pag.
1170 4170 1203 4219 lt.

178 4235 207 4303 ἃ)
226 4241 285 4292 th.
304 4242 392 4294 Alold.
410 4243 444 4291 de
461 4242 585 4294 Peklaru.
607 4243 633 4293 lo
653 4247 707 4292 oct.
729 4241 855 4294 duecdot.
874 4240 907 4290 ad
925 4241 976 4291 Au.
996 4242 1057 4292 972.
1077 4267 1108 4278 -
1130 4239 1291 4290 Hartvlcum
1311 4238 1341 4290 lu
1418 4239 1421 4244 '

228 4312 283 4432 pipo
302 4314 331 4433 ἲ.
351 4311 443 4431 {toph
462 4313 504 4364 cd.
522 4314 592 4378 Pray
611 4326 636 4379 p.
653 4314 713 4366 123.
731 4337 765 4354 -
783 4309 1038 4365 'l'hurocmchrcn
1055 4311 1086 4363 Ρ.
1105 4309 1168 4365 ihc.
1186 4306 1282 4366 dall.
1297 4309 1341 4362 db.

265 4422 271 4433 .
289 4396 303 4433 e
336 4395 351 4432 a
373 4395 413 4434 os.
1314 4422 1315 4425 ,
