3158 4864
198 193 278 270 16ss

73 373 76 380 '
195 364 269 454 jam
294 359 505 448 indicarunt,
533 367 641 432 vetus
664 359 756 448 juris
785 357 890 448 hujus
910 355 1118 434 exercitium
1137 379 1157 432 a
1174 351 1313 432 iudicio
1334 349 1411 433 Par-³

197 463 331 537 latinali
359 463 474 554 (223)
505 481 589 533 esse
617 460 862 556 repetendum,
906 484 984 534 oum
1011 466 1076 535 vix
1101 462 1209 534 ullum
1251 465 1408 558 supersit

201 567 354 654 dubium,
383 563 614 658 quoadusque
641 562 735 636 istud
756 564 973 654 substiterat,
1005 564 1282 660 delinquentium
1299 565 1406 654 bona,

200 670 245 742 ob
282 669 438 740 criminis
475 669 695 738 atrocitatem
733 670 886 754 amissa,
939 666 1156 761 probabilius
1196 675 1318 762 quarta
1354 669 1409 739 sui

199 780 301 869 parte
334 767 376 859 *J
405 771 441 841 in
471 769 658 842 dominium
693 767 826 841 Judicis
863 768 1009 841 Palatini
1028 772 1236 856 transiisse,
1274 790 1409 864 perque

202 872 361 945 Eundem
379 872 457 944 aliis
477 870 619 961 donata,
648 871 859 967 quandoque
879 874 984 942 etiam
1001 871 1145 944 vendita
1164 870 1287 942 luisse.
1316 872 1411 944 Pro-

206 975 292 1048 dunt
319 975 355 1046 id
385 974 564 1068 complura
593 974 672 1063 eius
700 977 816 1045 meriti
834 974 1046 1067 Diplomata,
1065 997 1086 1044 a
1105 976 1226 1068 primis
1244 973 1325 1045 inde
1345 995 1411 1046 se-

205 1080 294 1151 culis
324 1075 448 1148 sedulo
481 1086 695 1150 conservata
713 1074 790 1168 *ib
828 1077 918 1148 Rem
945 1086 1061 1147 autem
1093 1097 1230 1148 omnem
1259 1077 1412 1151 illustrat

81 1229 84 1234 -
204 1181 434 1272 Privilegium
459 1178 569 1250 Belae
588 1179 649 1251 lV.
670 1180 718 1250 A⁰
753 1181 861 1252 1263.
882 1199 1092 1252 concessum
1109 1177 1296 1252 Ecclesiae
1315 1179 1411 1253 Stri-

208 1285 387 1378 goniensi,
433 1282 662 1377 ejusdemque
693 1304 714 1352 e
742 1281 930 1353 Tabulario
973 1281 1166 1354 desumtum
1197 1283 1244 1374 ⁸),
1273 1303 1413 1376 excep-

204 1389 339 1460 tionem
367 1407 386 1454 a
415 1399 538 1458 norma
567 1384 727 1472 iaciens,
755 1406 810 1455 nc
841 1385 1031 1457 scilicet
1058 1387 1410 1458 Possessicncs

206 1487 443 1560 Nobilium
473 1490 651 1578 [intellige
678 1486 929 1574 Praedialium)
958 1487 1206 1558 Ecclesiae
1225 1486 1413 1580 Strigo-

208 1590 399 1662 niensis
444 1591 593 1680 capite
634 1587 950 1657 damnatorum
978 1587 1030 1656 ad
1056 1589 1203 1680 Regni
1230 1588 1412 1660 Palati-

206 1687 652 1778 num,velJudicem
680 1685 847 1758 Curiae
876 1686 1217 1777 devolvantur,
1264 1689 1329 1760 scd
1372 1693 1409 1761 in

207 1790 404 1864 Ecclesiam
423 1789 707 1881 strigoniensem
718 1786 817 1879 m).
848 1785 932 1860 Cum
951 1788 1005 1862 his
1025 1790 1408 1865 tamenDonationibus

209 1896 349 1968 minime
368 1902 449 1963 sunt
468 1889 751 1980 confundendae,
771 1913 860 1984 quae
880 1892 1013 1964 ebonis
1031 1898 1186 1990 propriis
1206 1891 1412 1966 seuEecle-

212 1999 287 2086 siis,
315 2014 380 2066 seu
399 1994 476 2066 aliis
496 1993 679 2090 quibusvis
699 1991 846 2066 subinde
867 1991 1009 2084 llebant,
1037 1997 1131 2091 quod
1150 1999 1233 2070 olim
1252 2019 1324 2070 nou
1341 1996 1413 2069 Pa-

210 2099 340 2172 latinos
372 2097 511 2188 solum,
544 2096 608 2168 sed
648 2118 880 2194 quoscunque
920 2100 1082 2194 privatos
1127 2101 1261 2194 egisse,
1307 2097 1412 2174 obvia

212 2200 375 2296 exempla
401 2197 617 2292 confirmant.

254 2319 294 2408 ³)
317 2323 413 2399 Haec,
432 2321 460 2382 si
484 2322 559 2402 quid
582 2321 684 2398 video,
708 2319 763 2382 illa
788 2328 895 2400 quotta
911 2318 1096 2382 palatinalis
1118 2321 1225 2402 luerit,
1248 2322 1340 2409 eujus
1361 2323 1414 2388 di-

300 2406 465 2489 plomatica
505 2416 675 2486 supersunt
712 2406 864 2486 vestigia,
903 2406 1112 2487 fragmentum
1147 2411 1261 2492 quippe
1299 2412 1414 2474 veteris

299 2491 545 2569 consvetudinis,
570 2493 746 2572 dudumque
767 2512 824 2572 pro
852 2493 963 2553 merito
983 2491 1127 2578 rejectae.
1152 2493 1230 2569 Quis
1253 2498 1334 2559 enim
1360 2498 1414 2560 in-

301 2580 478 2644 nocentium
505 2578 667 2639 securitati
696 2597 867 2660 congruere
892 2579 1099 2656 existimabit,
1132 2581 1299 2646 Judicibus
1328 2591 1415 2646 tauta

301 2689 358 2748 per
373 2665 626 2730 condemnatives
644 2665 815 2728 sententias
833 2667 994 2727 commoda
1011 2668 1159 2746 aperiret
1181 2671 1304 2749 quando
1325 2670 1415 2750 plane

299 2755 340 2816 iis
370 2754 403 2814 in
422 2750 528 2812 causis
557 2751 749 2816 intervenire
769 2752 945 2814 rectissime
977 2753 1205 2833 probibentur,
1237 2775 1254 2816 e
1285 2774 1415 2836 quarum

300 2838 457 2902 decisione
488 2835 562 2900 illos
599 2839 758 2902 successio
789 2846 1059 2920 quantumcunque
1087 2848 1206 2904 remote
1235 2843 1414 2925 contingere

299 2932 414 3008 potest.

236 3035 296 3122 ii)
320 3035 413 3099 Libet
434 3031 587 3097 formulas
617 3033 677 3096 bue
706 3033 940 3098 subservientes
964 3054 1001 3096 en
1030 3037 1256 3119 autbogrupbis
1280 3039 1415 3121 quibus-

301 3125 372 3185 dam
395 3122 588 3185 subnectere.
624 3119 660 3212 ln
685 3119 824 3200 exemplo
839 3121 873 3202 b)
897 3121 986 3199 „Nos
1016 3122 1167 3185 Niccluus
1199 3125 1297 3208 Regni
1320 3126 1415 3188 Hun-

301 3209 429 3292 „gariae
451 3207 633 3284 Palatinus,
663 3213 693 3267 et
715 3205 816 3269 Juden
841 3205 1071 3286 Cumanorum,
1103 3211 1270 3272 memoriae
1294 3221 1349 3275 etc.
1374 3247 1414 3256 —
1457 3263 1459 3268 .

232 3325 236 3332 ·
263 3307 264 3311 ’
300 3331 363 3372 „-
388 3329 428 3340 -
454 3295 536 3374 quod
565 3295 731 3356 innostra
753 3294 992 3375 congregatione
1024 3295 1162 3376 generali
1191 3295 1415 3359 Universitatis

302 3380 483 3460 „Nobilium
508 3380 686 3442 Comitatus
709 3379 979 3460 (ibongradiensis
1002 3380 1095 3444 Feria
1117 3385 1253 3444 secunda
1275 3381 1417 3460 proxima

264 3509 266 3513 -
301 3474 394 3545 „ente
416 3465 543 3529 Festum
571 3466 788 3529 Assumtiouis
810 3466 955 3547 Virginis
989 3467 1145 3548 gloriosae
1168 3485 1266 3546 prope
1290 3464 1415 3528 Civita-

302 3563 384 3633 „tem
407 3551 630 3635 Zegedicuscm
654 3554 687 3614 in
710 3554 799 3614 nnnc
822 3553 951 3616 Domini
976 3552 1074 3634 13470
1089 3553 1242 3615 celebrata
1266 3583 1299 3596 -
1322 3587 1416 3599 —-

306 3659 395 3717 „cunr
418 3637 587 3700 Possessio
610 3637 752 3700 Silenbdz
776 3639 876 3716 dicta,
899 3639 931 3701 in
961 3640 1042 3700 dicto
1068 3638 1223 3702 comitatu
1248 3636 1416 3718 Cbongra-

305 3724 429 3802 „diensi
465 3725 850 3804 existens,tamquam
881 3725 1060 3786 bominis
1093 3723 1333 3803 proscripti
1369 3726 1416 3787 ad

305 3828 471 3888 „manus
494 3818 666 3872 nostras
690 3811 836 3871 ordine
857 3807 972 3892 juris
1005 3808 1200 3870 devoluta
1222 3810 1415 3872 exstitis-

306 3903 388 3974 „set
411 3905 468 3960 etc.
496 3895 575 3957 ltem
591 3893 622 3976 ο)
647 3895 734 3970 „Nos
756 3895 906 3958 Nicolcus
928 3896 1029 3976 Regni
1050 3893 1231 3976 Hungariae
1253 3895 1416 3960 Palatinus

307 3991 358 4060 „et
381 3981 483 4044 Judcx
507 3979 717 4060 Cumanorum
750 3979 917 4046 memoriae
945 3982 1214 4059 commendamus,
1244 3985 1417 4063 quodcum

305 4068 393 4145 „Nos
417 4068 456 4130 ob
477 4067 593 4147 Regiae
617 4067 803 4131 serenitatis
825 4076 1023 4148 praeceptum
1039 4067 1213 4149 generalem
1232 4068 1417 4152 Congrege-

214 4183 423 4200 ,,,,,,...........

246 4225 272 4284 ¹)
293 4226 370 4290 spurt
389 4224 460 4287 Pray
478 4224 558 4287 Spet.
578 4223 721 4275 llierarclr.
739 4226 878 4294 flung-‚⁹12
896 4227 916 4278 l.
935 4241 951 4293 p
980 4228 1039 4280 128.
1059 4232 1085 4278 et
1105 4240 1163 4292 seq.

247 4295 276 4359 1Φ)
294 4295 337 4346 Ex
356 4295 472 4361 Autbog.
493 4294 626 4346 hacteuus
645 4295 715 4346 iced.

249 4370 273 4434 ⁰)
292 4366 389 4418 Itidem
408 4379 443 4420 cx
458 4365 577 4432 Autbog.
594 4365 664 4421 tract.
684 4362 757 4419 insd.
791 4401 794 4407 ·
