3094 4868
189 193 260 266 tet

184 357 335 432 barbaro
363 353 481 443 hoste,
508 353 643 448 patrios
670 351 766 424 lanas
793 352 996 440 incolente,
1034 369 1123 446 quae
1152 357 1236 444 post
1263 371 1394 447 pacem

64 481 70 495 “
108 481 113 490 ·
186 481 264 535 cum
281 458 409 531 eodem
442 459 576 545 initam,
606 458 873 549 compositaque
893 455 1087 526 domestica
1107 452 1264 543 dissidia,
1284 475 1394 525 oom-

185 566 282 638 muni
299 558 554 655 tranquillitati,
583 567 619 628 et
646 561 864 652 privatorum
894 559 1023 629 civium
1041 557 1152 648 quieti
1178 555 1273 627 forte
1298 577 1394 650 per-

113 669 116 675 “
186 675 385 763 opportuna
404 660 627 750 credebatur,
659 661 695 730 in
725 681 861 752 genere
885 668 1004 730 tamen
1034 656 1159 731 valere
1185 659 1393 751 nentiquam

184 789 296 866 posse
312 764 476 850 videtur;
502 763 564 836 vel
589 783 633 833 eo
652 761 769 856 plane,
795 763 845 832 uti
865 760 1003 856 quidam
1020 757 1202 849 volebant,
1230 759 1391 848 extendi,

186 873 288 967 quasi
305 889 399 940 nunc
417 868 522 937 etiam
548 864 678 937 bellum
709 862 998 959 quaelecunque,
1033 863 1175 936 nonnisi
1199 866 1389 957 impetrato

184 973 334 1071 praevie
354 966 582 1042 Comitiorum
609 987 761 1038 assensn
788 969 926 1040 moveri
957 972 1073 1059 queat.
1102 962 1254 1059 Spiritus
1282 966 1391 1054 enim,

188 1098 231 1148 ac
248 1083 352 1147 tenor
370 1076 447 1167 ipse
465 1073 737 1167 praecitatarum
754 1069 887 1161 legum,
917 1067 960 1139 ad
990 1066 1128 1138 literam
1150 1075 1298 1154 sumtus,
1315 1065 1390 1138 bo-

187 1186 279 1252 stem
307 1179 344 1248 io
360 1174 488 1266 Regno
508 1176 667 1244 existere
686 1173 875 1268 supponit3
903 1179 1008 1264 atquc
1027 1169 1071 1241 de
1099 1167 1194 1242 bello
1218 1170 1390 1242 duntaxat

186 1285 233 1352 in
260 1279 446 1371 Regno,
482 1284 528 1346 et
553 1273 781 1348 Partibus
809 1273 1011 1346 adnexis
1038 1292 1128 1344 non
1153 1271 1388 1346 movendo

169 1381 362 1454 cantelam
381 1377 552 1450 extendit.
579 1377 637 1454 Ad
655 1376 744 1450 baec
774 1379 805 1450 si
823 1399 882 1466 eo,
910 1374 1005 1469 quod
1033 1375 1138 1470 paulo
1169 1382 1250 1448 ante
1278 1397 1390 1470 prae·

188 1505 419 1572 monueram,
463 1483 695 1577 respiciatur:
741 1479 955 1573 Hungariam
984 1477 1047 1550 sub
1084 1500 1154 1550 uno
1193 1478 1389 1572 eodemque

190 1589 353 1681 Principe
388 1585 544 1656 caeteris
583 1582 828 1656 haereditariis
869 1582 1067 1653 Provinciis
1104 1580 1388 1675 inseparabiliter

192 1711 275 1761 esse
291 1689 528 1777 conjunctam,
557 1707 673 1778 neque
693 1682 917 1779 aliquomodo
937 1703 1140 1777 supponere
1157 1687 1241 1756 sinit
1257 1682 1387 1754 bellum

190 1789 392 1885 quodpiam,
421 1785 515 1882 quod
534 1787 645 1858 solam
675 1787 844 1860 duntaxat
867 1783 1095 1878 Hungariam,
1123 1807 1191 1858 nec
1209 1807 1278 1857 una
1298 1807 1386 1856 caa-

191 1902 287 1966 teras
309 1893 414 1964 etiam
433 1889 585 1962 ditiones
615 1888 751 1961 feriret.

703 2094 741 2180 §.
771 2095 857 2169 634.

585 2247 748 2340 Proprie
773 2251 973 2340 respicere.

291 2394 468 2486 Objiciunt
491 2414 532 2466 se
551 2393 685 2467 adhaec
715 2397 907 2487 genericae
937 2393 1019 2466 huic
1051 2395 1282 2484 restrictioni,
1320 2417 1387 2493 qua

188 2499 267 2570 llex
286 2499 321 2571 in
340 2498 512 2570 exercitio
533 2495 630 2568 turis
648 2495 731 2568 belli
758 2519 778 2566 a
807 2509 988 2570 consensu
1013 2497 1134 2593 populi
1157 2496 1386 2592 dependeret,

188 2603 390 2694 gravissimi
409 2621 495 2673 sane
522 2597 690 2672 momenti
716 2599 1034 2688 considerationes,
1062 2619 1149 2693 quas
1167 2597 1301 2671 durium
1321 2596 1385 2670 Ci-

187 2705 308 2778 vitatis
337 2706 551 2797 interpretes
582 2723 601 2772 e
630 2700 796 2796 professo
836 2700 1047 2774 evolverunt
1065 2698 1121 2791 Ὅ,
1168 2712 1204 2774 et
1229 2701 1385 2792 Maiores

187 2806 302 2878 nostri
325 2806 398 2894 jam
435 2803 561 2875 dudum
598 2807 791 2897 agnovisse
816 2803 994 2891 videntur,
1041 2826 1118 2875 cum
1151 2804 1301 2894 articuli,
1329 2807 1394 2898 qui

189 2906 581 2994 secundmn1608.,et
607 2905 780 3001 reliquos,
807 2906 912 3001 paulo
942 2915 1023 2978 anta
1051 2916 1295 3000 provocatos,
1324 2928 1385 2978 se-

189 3011 260 3081 cuti
287 3017 397 3098 sunt,
444 3007 488 3080 de
518 3007 667 3082 consilio
705 3007 943 3081 tantummodo
979 3008 1173 3101 hungarico
1200 3007 1244 3081 ad
1275 3011 1384 3103 pacis,

189 3121 401 3205 caeteraque
418 3113 563 3206 negotia
590 3119 727 3202 extera,
755 3112 916 3206 Regnum
946 3113 1152 3204 attinentia,
1188 3110 1382 3184 adhibendo

188 3215 376 3311 loquantur
407 3214 452 3306 ¹).
1286 3229 1289 3239 ¹

230 3361 269 3444 l)
291 3360 453 3422 Neminem
476 3360 529 3440 qui
552 3361 602 3422 vel
623 3361 656 3422 in
679 3359 760 3438 aevi,
784 3361 865 3440 quod
887 3360 1035 3436 vivimus,
1056 3337 1192 3424 bistoria
1212 3381 1272 3424 non
1292 3380 1387 3446 pror-

274 3465 330 3508 ⁸¹¹⁸
353 3455 401 3508 ‘⁵‘
423 3444 621 3594 '‘⁰¹⁸i'³”¹¹⁸·’
653 3446 915 3595 itttttttit
944 3448 1388 3595 titttttttltit‘t

157 3618 159 3622 ’
274 3551 369 3681 :sigeo
383 3551 664 3701 lffippquiupolqpffi
694 3619 833 3696 decidat,
868 3577 1018 3700 qua'mque
1039 3555 1189 3681 padafflud
1212 3555 1297 3682 ,regifici
1321 3639 1387 3682 curn

276 3723 426 3768 successu
448 3707 617 3786 gerandum
647 3706 815 3785 adparatus
845 3705 994 3782 bellicos,
1019 3713 1049 3766 et
1071 3707 1299 3790 negotiationes
1323 3707 1388 3766 eir-

275 3798 467 3869 cumspecte‚
498 3790 657 3867 celeriter,
690 3799 780 3870 atque
804 3792 921 3853 occulte
944 3791 1108 3855 instituere
1131 3801 1284 3872 oporteat.
1307 3792 1388 3872 Num

274 3877 338 3938 ista
359 3895 378 3937 a
401 3876 551 3952 comitiali
576 3877 797 3939 deliberatione
821 3879 1022 3957 suspendere,
1046 3887 1076 3940 et
1097 3880 1130 3940 in
1153 3879 1278 3959 longius
1307 3885 1388 3939 tarn-

275 3981 334 4043 pus
359 3959 489 4044 rejicere
522 3962 589 4024 sine
621 3964 787 4025 manifesto
818 3964 941 4026 Patriae
974 3965 1153 4027 discrimine
1182 3973 1282 4027 tutum
1307 3964 1388 4026 erit?

276 4056 329 4110 aut
351 4047 491 4128 Principi
521 4049 680 4129 integrunt
702 4048 949 4127 conventiones,
979 4071 1048 4113 oum
1072 4051 1241 4112 foederatis
1263 4049 1388 4112 Princi-

277 4136 370 4216 pibus
394 4154 504 4197 arcaue
527 4135 633 4213 initae,
657 4135 767 4198 borum
791 4135 948 4220 ingratiis,
971 4144 1000 4200 et
1022 4154 1119 4217 neque
1135 4137 1220 4229 'citra
1238 4134 1388 4223 injuriam

188 4299 400 4311 ———--—-

155 4453 157 4458 Ι
181 4396 183 4400 -
219 4377 244 4444 ι)
264 4341 588 4433 resr.t.-1ns.·tr.
607 4403 638 4418 -·
658 4343 737 4433 aar.¹
753 4380 794 4438 rt.
