3158 4864
174 259 251 332 ⁴208

177 421 357 514 dotabant,
384 435 422 496 ut
450 424 599 520 aliquam
628 424 734 496 castri
760 411 1031 518 Jobbagionum,
1059 423 1177 497 Aruns
1205 419 1374 494 duntaxat

175 527 425 614 servientium,
454 527 609 622 speciem
632 525 847 616 adjicerent,
873 529 933 621 qui
959 524 1143 600 Praelatoe
1170 543 1255 598 suos
1273 525 1372 620 pacis
1434 517 1447 532 '

174 637 337 725 tempore
356 635 480 699 contra
496 628 569 701 uim
587 629 761 723 momnis,
780 630 1121 725 aggressionemque
1140 626 1371 714 custodirent,

174 727 269 802 bello
300 727 467 818 suborto,
494 730 624 802 viritim
651 732 688 800 in
717 749 875 826 campum
903 733 1174 818 comitarentur,
1207 727 1373 823 illiusque

175 829 241 904 sub
265 828 401 903 vexillo
438 831 637 904 militarent.
677 827 841 906 Gessavit
869 853 936 926 pro
973 843 1169 926 temporum
1201 828 1373 920 adjunctis

175 933 373 1006 necessitas
391 931 574 1006 Praelatos
597 932 690 1004 domi
712 931 945 1022 custodiendi,
966 952 1082 1026 nequo
1100 930 1261 1029 amplius,
1281 927 1376 1026 quod

174 1031 259 1104 boni
278 1052 402 1106 omncs
423 1045 597 1131 optamus,
625 1031 791 1130 quidquid
808 1032 973 1106 moliatur
996 1037 1173 1130 impietas,
1199 1029 1376 1120 redibunt,

177 1132 242 1206 sed
261 1134 305 1207 ad
326 1135 443 1230 Regni
463 1132 762 1208 Insurrectioncm
780 1137 893 1208 instar
913 1135 1030 1230 Regni
1051 1134 1228 1208 Nobilium
1245 1135 1377 1207 uiritim

178 1234 426 1328 concurrendi,
445 1236 684 1331 militandique
701 1234 871 1332 obligatio
892 1237 1060 1334 deinceps
1079 1257 1220 1335 quoque
1238 1235 1282 1310 ad
1303 1255 1376 1310 uo-

177 1345 249 1411 etra
268 1347 427 1436 tempora
453 1348 701 1437 permanserat
730 1343 772 1428 ⁸).

730 1563 739 1580 .
768 1511 864 1586 298:

517 1635 675 1719 Quanam
700 1511 816 1706 {odic
840 1639 1059 1724 supersint?

282 1753 394 1848 Igitur
413 1755 612 1829 servientes
633 1755 808 1846 ejusmodi
833 1755 987 1852 populos
1015 1755 1148 1830 habere
1167 1754 1377 1829 Proceribus

178 1856 425 1930 Ecclesiastici
452 1856 615 1947 Ordinis,
644 1859 727 1953 quin
755 1869 791 1930 et
807 1856 987 1932 nonnullis
1013 1856 1239 1932 Secularibus
1257 1857 1294 1928 iu
1312 1877 1379 1929 usu

179 1957 256 2030 luit.
284 1957 515 2053 Aliquorum,
543 1960 602 2052 qui
619 1965 907 2054 praerogativam
925 1959 1016 2032 hanc
1032 1957 1216 2056 iniquitate
1235 1969 1378 2053 tempo-

177 2082 254 2133 rum
280 2062 491 2148 omiserant,
522 2062 614 2134 inter
640 2071 804 2134 caeteros
828 2072 928 2134 recte
957 2064 1114 2136 meminit
1131 2061 1301 2134 Kelemen
1332 2058 1374 2152 l).

178 2162 409 2238 Retinueraut
440 2183 530 2236 vero
565 2163 714 2236 eandem
750 2164 975 2259 praediorum
1012 2164 1205 2237 collatores
1242 2159 1375 2235 Archi-

163 2263 378 2360 ·ldpiscopus
397 2263 654 2358 strigoniensis
673 2268 709 2336 in
728 2264 814 2337 sede
832 2265 1026 2356 Vajkcnsi,
1053 2249 1321 2352 llrsekleliensi,
1340 2271 1376 2334 et

179 2365 466 2460 Verebelpieusi,
486 2387 565 2438 cum
583 2364 620 2439 S.
642 2364 788 2458 Georgii
806 2369 1010 2457 conjuncto.
1037 2367 1259 2441 Jaurinensis
1286 2364 1376 2460 Epi-

182 2485 312 2561 scopus
343 2486 409 2538 suo
437 2486 515 2537 cum
542 2462 727 2558 Capitulo;
753 2466 815 2539 ille
842 2469 878 2541 in
912 2467 1054 2558 Vecso,
1082 2470 1175 2541 istud
1200 2470 1237 2540 in
1264 2465 1378 2540 Bacsa

181 2567 355 2656 Sedibus;
389 2576 461 2638 tum
498 2565 699 2662 Episcopus
734 2565 1011 2663 Zagrabieusis,
1047 2573 1100 2643 et*
1121 2567 1377 2644 Archi-Albas

181 2668 312 2744 Montis
330 2668 544 2743 Pannoniae.
1443 2690 1452 2703 =

730 2870 737 2889 .
767 2821 852 2895 299.

453 2942 591 3030 Orbibus
615 2821 1114 3034 coagmentationibus?

285 3087 445 3164 Favores
456 3090 763 3164 Praedialistarum
775 3092 1019 3188 privilegiales
1032 3094 1139 3166 modo
1154 3091 1228 3182 jam
1246 3090 1384 3180 sublati,

185 3192 364 3265 succincte
383 3190 452 3263 buc
468 3192 547 3263 fere
564 3193 731 3266 redeunt:
761 3195 856 3288 quod
874 3198 1015 3268 ratione
1034 3194 1223 3268 fundorum
1243 3214 1386 3269 suorum

185 3315 205 3363 a
235 3292 372 3364 tributis
405 3290 456 3388 ⁰),
494 3293 732 3385 teloniorum,
774 3296 1012 3388 vectigalibus
1044 3294 1099 3393 t¹),
1138 3307 1174 3369 et
1201 3319 1268 3368 usu
1296 3317 1384 3390 per-

184 3403 292 3488 petuo
312 3392 354 3465 ab
373 3393 529 3488 hospitio
548 3397 647 3468 militi
676 3396 790 3468 dando
822 3399 1055 3490 ⁰)‘immunes
1082 3407 1280 3472 serventur.
1308 3396 1386 3465 lie-

184 3498 312 3567 mansit
353 3493 506 3586 abinde,
545 3499 640 3590 quod
678 3499 849 3593 peculiari
886 3500 1095 3596 Magistrum
1124 3500 1385 3593 gubernentur,

186 3596 286 3685 cujus
305 3595 525 3689 Moderator,
544 3602 749 3673 nominatim
777 3605 812 3674 in
832 3601 996 3694 Sedibus,
1017 3602 1060 3674 ad
1077 3599 1188 3673 Archi
1200 3597 1387 3693 -Episco-

184 3707 303 3794 patum
346 3698 629 3789 strigoniensem
680 3703 961 3798 pertinentibus,
1005 3701 1189 3800 splendido
1240 3699 1389 3773 Palatini

184 3799 327 3869 nomine
346 3797 529 3890 gloriatur.
560 3801 708 3874 Demum
727 3828 790 3879 sua
808 3808 955 3899 negotia
974 3803 1196 3900 municipalia
1214 3804 1250 3875 in
1268 3801 1388 3899 publi-

187 3901 239 3974 cis
257 3921 381 3972 eorum
400 3899 746 3997 congregationibus
773 3905 980 4003 perficiant;
1008 3916 1113 4001 atque
1139 3907 1297 4003 propriis
1323 3905 1388 3996 ju-

178 4042 402 4062 mun-

215 4093 241 4154 ⁸)
261 4097 339 4148 1567.
358 4095 400 4151 tt.

215 4161 245 4227 b)
263 4167 353 4221 instit.
370 4169 432 4220 dur.
450 4172 522 4236 priv.
541 4169 631 4236 flung.
650 4173 680 4224 b.
700 4176 719 4227 Ι,
739 4174 768 4228 0.
787 4176 814 4226 5.
831 4169 854 4238 p.
873 4171 936 4224 196.

218 4233 244 4296 ⁰)
263 4235 341 4289 tuit.
362 4239 405 4293 63.
423 4235 445 4303 9.
463 4241 489 4292 9.

217 4299 342 4368 ⁴¹)1563.
362 4309 404 4360 59.
423 4307 446 4372 9.
465 4309 491 4362 li.
509 4309 586 4365 1599.
607 4310 649 4366 tt.

217 4373 244 4440 ο)
262 4378 355 4430 seusu
374 4379 453 4433 teet.
472 4377 514 4435 11.
613 4439 616 4447 Δ
