3146 4864
1312 193 1361 268 43

166 356 297 427 circulo
316 359 448 452 nequit.
476 359 637 453 Denique
657 355 771 448 dubia,
798 359 858 433 rel
869 357 1159 454 disceptationes,
1189 365 1219 433 si
1239 381 1360 434 emer-

166 478 253 550 gere
278 461 479 551 contingat,
509 458 759 558 devaliditate
781 470 948 557 peractae
991 461 1177 534 electionis
1200 463 1361 554 judicare
1478 507 1480 512 -

167 557 320 632 Tabulae
341 560 697 654 Repraesentantium
715 565 750 633 in
775 560 933 635 comitiis
961 571 1182 635 reservatum
1201 564 1362 637 habetur.

167 660 352 735 Sulleoerit
379 666 446 735 ista
466 664 578 736 solum
606 685 671 758 per
692 666 811 758 apices
837 665 1025 752 retulisse,
1052 685 1141 757 quae
1162 670 1253 738 enim
1282 675 1364 738 sunt

165 763 313 857 reliqua,
327 768 459 859 passim
478 789 525 839 ex
542 767 646 839 isthic
665 770 871 862 praemissis
893 775 1168 862 consequuntur,
1190 767 1286 865 quod
1302 768 1362 839 le-

165 886 246 958 gem
273 869 600 970 ipsam-relegenti,
627 879 751 965 suapte
769 869 910 968 patebit.
1021 960 1022 963 Ἴ

687 1077 724 1164 §.
753 1077 837 1153 391.

458 1231 591 1321 Regni·
611 1229 781 1304 Cemetz't'a
806 1230 892 1304 Res
920 1248 1082 1323 praeest.

266 1377 402 1471 Regem
420 1399 592 1474 praeesse
611 1373 784 1468 Comitiis,
812 1378 967 1475 alioquin
978 1380 1132 1453 Decreta
1150 1382 1227 1474 ipsa
1247 1397 1363 1448 cnun-

165 1481 271 1569 ciant,
299 1490 336 1554 et
362 1501 465 1553 nemo
497 1492 565 1572 est,
593 1482 652 1575 qni
679 1482 847 1575 ignoret3
875 1493 999 1576 egerat
1026 1483 1062 1554 id
1082 1481 1230 1554 bucdum
1249 1479 1364 1554 velin

164 1603 333 1675 persona,
350 1584 536 1658 velmedio
557 1584 816 1678 delegatorum,
833 1607 922 1678 quos
941 1586 1042 1678 leges
1061 1588 1183 1678 regios
1204 1579 1363 1672 Commi-

66 1724 69 1732 ·
165 1687 279 1758 sarios
306 1697 460 1777 vocant,
505 1689 556 1758 uti
585 1689 751 1781 continua
778 1687 897 1758 docuit
927 1686 1153 1758 observantia
1176 1682 1241 1776 1),
1268 1683 1363 1754 nulla
1422 1738 1426 1742 .

163 1789 423 1879 regnicolarum
442 1789 722 1866 contradictione
742 1787 889 1878 allecta3
918 1789 982 1862 sed
1000 1787 1111 1881 Regis
1130 1788 1219 1858 baec
1247 1787 1363 1857 inter-

165 1892 302 1978 ventio,
321 1912 562 1983 quamcnnque
590 1893 749 1962 eminens
781 1895 839 1980 sit,
867 1912 1088 1986 nequaquam
1120 1889 1222 1962 simul
1248 1889 1363 1959 comi-

164 1991 247 2060 tiale
266 1991 480 2084 praesidium
498 2012 620 2063 secum
648 1990 728 2061 lert.
1459 2001 1462 2006 '

206 2133 246 2221 *)
269 2136 340 2198 dam
355 2135 492 2199 Mathias
509 2137 532 2198 Ι.
554 2135 686 2198 Litteris
705 2136 876 2219 Regalibus
895 2139 933 2199 ad
951 2135 1138 2200 comitatum
1157 2139 1193 2200 de
1209 2135 1363 2208 Kraszna,

248 2225 338 2287 Anno
365 2221 457 2286 tneo.
482 2223 575 2299 datis,
598 2223 709 2299 innuit,
733 2241 767 2285 se
789 2226 828 2286 ad
849 2224 1003 2298 Diaetam‚
1028 2224 1116 2286 Vacii
1138 2223 1363 2296 celebrandam,

164 2313 166 2317 '
248 2329 325 2374 suos
348 2311 476 2374 missiae
493 2318 647 2385 oratores,
671 2312 752 2391 quod
774 2318 912 2390 posteaa
935 2311 1132 2372 Fertinandc
1155 2311 1181 2374 Ι.
1202 2312 1240 2370 ad
1260 2307 1364 2372 Garo-

247 2398 311 2460 lum
334 2397 386 2458 vl.
419 2405 467 2459 sat
497 2397 676 2478 frequenter
706 2397 855 2460 usitatum
886 2397 1033 2462 vidimus,
1067 2397 1245 2460 lavaluerat
1276 2395 1361 2458 istud

248 2503 285 2544 ea
309 2483 464 2562 imprimis
489 2485 525 2544 de
546 2501 651 2558 causa,
677 2484 749 2564 quie
775 2485 876 2566 Reges
900 2487 936 2547 de
960 2484 1059 2564 stirpe
1081 2485 1248 2546 Austriaca
1269 2501 1363 2560 saepe

248 2567 334 2630 curis
366 2568 499 2630 Romani
528 2569 676 2648 Imperii,
716 2577 745 2629 et
776 2571 958 2651 quandoque
1000 2591 1130 2651 peregre
1164 2567 1290 2644 detenti,
1322 2569 1360 2628 ad

248 2655 365 2727 Status,
389 2661 418 2716 et
441 2653 588 2731 Ordines,
611 2653 810 2716 comitialiter
831 2664 1046 2738 congregatos
1070 2657 1154 2719 vicos
1177 2672 1253 2717 suas
1270 2659 1362 2715 aetu-

248 2760 313 2817 ros,
335 2741 540 2816 dimittebant,
565 2741 617 2821 qui
640 2741 774 2818 uomina,
799 2745 950 2821 quondam
979 2744 1010 2804 in
1035 2742 1203 2805 Germania
1225 2747 1360 2820 recepto,

248 2826 438 2890 Comissarii
459 2827 625 2889 hodiedum
649 2827 788 2892 audiunt.
812 2828 962 2892 Vicissim
986 2830 1096 2891 accidit
1119 2850 1154 2892 ex
1173 2837 1259 2910 parte
1275 2846 1362 2907 quo-

248 2931 305 2991 que
329 2913 580 2994 Regnicolarum,
604 2920 636 2975 ot
661 2914 732 2976 dum
756 2933 807 2976 res
830 2913 862 2976 in
892 2913 959 2978 loco
985 2915 1192 2978 comitiorum
1216 2914 1361 2995 superari

248 3017 311 3058 non
332 3005 479 3075 possent,
508 2998 682 3078 Deputetos
714 3002 752 3061 ad
774 2999 948 3080 Principem
984 3001 1141 3063 absentem
1167 3001 1357 3078 expedirent,

248 3089 400 3162 potestate
422 3083 567 3162 utrinque
598 3083 680 3144 datis
703 3084 964 3148 instructionibus
993 3087 1241 3163 circumscripto,
1263 3109 1361 3168 nequo

248 3169 281 3229 i'd
311 3167 379 3229 sine
402 3187 512 3249 magna
534 3203 574 3214 —
599 3169 629 3230 si
649 3189 758 3233 verum
779 3172 939 3234 latendum
963 3180 1073 3233 est-
1096 3179 1125 3232 et
1148 3175 1309 3251 temporis,
1332 3183 1362 3236 et

247 3262 374 3319 mutuae
396 3253 543 3331 fiduciae,
566 3255 702 3335 adeoquo
729 3277 765 3320 eo
789 3258 862 3339 ipso
884 3277 946 3319 non
970 3258 1038 3330 sine
1061 3256 1151 3338 gravi
1173 3255 1264 3322 etiam
1289 3260 1361 3324 boui

248 3338 366 3421 publici
384 3337 519 3424 jactura.

680 3530 717 3617 b·
746 3531 831 3608 392.

469 3681 528 3750 Be
555 3679 757 3753 Praesidio
789 3683 1047 3754 Comrtz'oram.

264 3827 480 3904 Praesidium
516 3830 636 3925 itaque
679 3851 747 3903 usu
782 3833 978 3922 constanti,
1015 3835 1217 3908 memoriam
1245 3856 1359 3904 exce-

164 3934 285 4022 dente,
311 3933 355 4004 ad
373 3954 476 4026 quam
494 3931 596 4025 leges
616 3931 806 4006 identidem
823 3948 1062 4029 respexerunt
1093 3931 1135 4035 ⁸),
1165 3935 1256 4030 apud
1274 3938 1358 4008 urri-

161 4053 292 4110 versos
312 4034 430 4108 Status
449 4035 658 4128 generatim,
687 4046 724 4108 et
751 4039 902 4108 seorsim
933 4039 970 4110 in
996 4037 1127 4113 Tabula
1157 4038 1358 4130 Magnatum

161 4139 278 4230 Regni
298 4136 488 4226 Palatinus,
516 4159 560 4209 eo
581 4137 728 4212 absente
754 4139 871 4212 ludex
894 4136 1022 4212 Curiae
1048 4141 1199 4236 Regiae,
1219 4140 1358 4214 tandem

163 4307 369 4322 -tu-—·⁸'¹

192 4378 217 4446 e)
235 4379 266 4430 ln
285 4379 410 4447 exemplo
430 4377 507 4434 1662.
527 4381 569 4438 63.
588 4387 617 4436 et
636 4382 712 4438 1687.
732 4383 776 4438 10.
