<?xml version="1.0" encoding="UTF-8"?>
<!DOCTYPE html PUBLIC "-//W3C//DTD XHTML 1.0 Transitional//EN"
    "http://www.w3.org/TR/xhtml1/DTD/xhtml1-transitional.dtd">
<html xmlns="http://www.w3.org/1999/xhtml" xml:lang="en" lang="en">
 <head>
  <title>
</title>
<meta http-equiv="Content-Type" content="text/html;charset=utf-8" />
  <meta name='ocr-system' content='tesseract 3.04.00' />
  <meta name='ocr-capabilities' content='ocr_page ocr_carea ocr_par ocr_line ocrx_word'/>
</head>
<body>
  <div class='ocr_page' id='page_1' title='image "./conspectusjuris00czirgoog_0506.png"; bbox 0 0 3110 4882; ppageno 0'>
   <div class='ocr_carea' id='block_1_1' title="bbox 233 248 452 344">
    <p class='ocr_par' dir='ltr' id='par_1_1' title="bbox 233 248 452 344">
     <span class='ocr_line' id='line_1_1' title="bbox 233 248 452 344; baseline 0 -21"><span class='ocrx_word' id='word_1_1' title='bbox 233 248 309 324; x_wconf 78' lang='lat' dir='ltr'><strong>aaa</strong></span> <span class='ocrx_word' id='word_1_2' title='bbox 447 324 452 344; x_wconf 66' lang='grc'>,</span> 
     </span>
    </p>
   </div>
   <div class='ocr_carea' id='block_1_2' title="bbox 320 413 1450 670">
    <p class='ocr_par' dir='ltr' id='par_1_2' title="bbox 320 413 1450 670">
     <span class='ocr_line' id='line_1_2' title="bbox 320 413 1450 500; baseline 0.001 -14"><span class='ocrx_word' id='word_1_3' title='bbox 320 413 546 493; x_wconf 84' lang='lat' dir='ltr'><strong>Marimiliani,</strong></span> <span class='ocrx_word' id='word_1_4' title='bbox 580 421 611 480; x_wconf 84' lang='lat' dir='ltr'><strong>et</strong></span> <span class='ocrx_word' id='word_1_5' title='bbox 639 413 833 497; x_wconf 78' lang='lat' dir='ltr'><strong>sequentium</strong></span> <span class='ocrx_word' id='word_1_6' title='bbox 870 416 993 500; x_wconf 80' lang='lat' dir='ltr'>Regum</span> <span class='ocrx_word' id='word_1_7' title='bbox 1019 413 1137 480; x_wconf 76' lang='lat' dir='ltr'><strong>affatim</strong></span> <span class='ocrx_word' id='word_1_8' title='bbox 1172 420 1350 487; x_wconf 80' lang='lat' dir='ltr'><strong>ostendunt</strong></span> <span class='ocrx_word' id='word_1_9' title='bbox 1388 422 1450 486; x_wconf 80' lang='lat' dir='ltr'><strong>Ex</strong></span> 
     </span>
     <span class='ocr_line' id='line_1_3' title="bbox 322 502 1448 590; baseline 0.001 -20"><span class='ocrx_word' id='word_1_10' title='bbox 322 507 372 570; x_wconf 91' lang='lat' dir='ltr'><strong>bis</strong></span> <span class='ocrx_word' id='word_1_11' title='bbox 396 525 470 568; x_wconf 88' lang='lat' dir='ltr'><strong>vero</strong></span> <span class='ocrx_word' id='word_1_12' title='bbox 492 502 547 564; x_wconf 87' lang='lat' dir='ltr'><strong>alii</strong></span> <span class='ocrx_word' id='word_1_13' title='bbox 569 505 607 564; x_wconf 90' lang='lat' dir='ltr'><strong>ad</strong></span> <span class='ocrx_word' id='word_1_14' title='bbox 630 502 789 566; x_wconf 66' lang='lat' dir='ltr'><strong>«iudicium</strong></span> <span class='ocrx_word' id='word_1_15' title='bbox 812 503 931 583; x_wconf 78' lang='lat' dir='ltr'><strong>primae</strong></span> <span class='ocrx_word' id='word_1_16' title='bbox 952 502 1134 581; x_wconf 86' lang='lat' dir='ltr'><strong>Instantiae,</strong></span> <span class='ocrx_word' id='word_1_17' title='bbox 1156 503 1332 590; x_wconf 68' lang='lat' dir='ltr'><strong>lorumque</strong></span> <span class='ocrx_word' id='word_1_18' title='bbox 1351 507 1448 572; x_wconf 78' lang='lat' dir='ltr'><strong>illud</strong></span> 
     </span>
     <span class='ocr_line' id='line_1_4' title="bbox 322 587 1115 670; baseline -0.01 -12"><span class='ocrx_word' id='word_1_19' title='bbox 322 589 480 668; x_wconf 78' lang='lat' dir='ltr'><strong>Octavale,</strong></span> <span class='ocrx_word' id='word_1_20' title='bbox 503 587 558 652; x_wconf 89' lang='lat' dir='ltr'><strong>alii</strong></span> <span class='ocrx_word' id='word_1_21' title='bbox 580 587 845 670; x_wconf 78' lang='lat' dir='ltr'><strong>appellationibus</strong></span> <span class='ocrx_word' id='word_1_22' title='bbox 859 589 1115 654; x_wconf 79' lang='lat' dir='ltr'><strong>interveniebant.</strong></span> 
     </span>
    </p>
   </div>
   <div class='ocr_carea' id='block_1_3' title="bbox 580 781 1103 1022">
    <p class='ocr_par' dir='ltr' id='par_1_3' title="bbox 580 781 1103 1022">
     <span class='ocr_line' id='line_1_5' title="bbox 753 781 906 870; baseline -0.02 -17"><span class='ocrx_word' id='word_1_23' title='bbox 753 781 788 870; x_wconf 82' lang='lat'><strong>§.</strong></span> <span class='ocrx_word' id='word_1_24' title='bbox 819 781 906 855; x_wconf 81' lang='lat'><strong>730.</strong></span> 
     </span>
     <span class='ocr_line' id='line_1_6' title="bbox 580 929 1103 1022; baseline -0.006 -17"><span class='ocrx_word' id='word_1_25' title='bbox 580 932 619 1005; x_wconf 88' lang='grc' dir='ltr'><em>Ε</em></span> <span class='ocrx_word' id='word_1_26' title='bbox 644 929 787 1004; x_wconf 83' lang='lat' dir='ltr'><strong>Tabula</strong></span> <span class='ocrx_word' id='word_1_27' title='bbox 813 930 1103 1022; x_wconf 53' lang='lat' dir='ltr'><strong>Septematrultl‘</strong></span> 
     </span>
    </p>
   </div>
   <div class='ocr_carea' id='block_1_4' title="bbox 238 1077 1448 2278">
    <p class='ocr_par' dir='ltr' id='par_1_4' title="bbox 238 1077 1448 2278">
     <span class='ocr_line' id='line_1_7' title="bbox 341 1077 1448 1177; baseline 0.001 -24"><span class='ocrx_word' id='word_1_28' title='bbox 341 1082 532 1177; x_wconf 75' lang='lat' dir='ltr'><strong>Princeps,</strong></span> <span class='ocrx_word' id='word_1_29' title='bbox 571 1101 612 1150; x_wconf 91' lang='lat' dir='ltr'><strong>ac</strong></span> <span class='ocrx_word' id='word_1_30' title='bbox 644 1077 970 1174; x_wconf 87' lang='lat' dir='ltr'><strong>Superrevisorium</strong></span> <span class='ocrx_word' id='word_1_31' title='bbox 1004 1078 1158 1169; x_wconf 86' lang='lat' dir='ltr'><strong>Forum,</strong></span> <span class='ocrx_word' id='word_1_32' title='bbox 1203 1100 1268 1152; x_wconf 88' lang='lat' dir='ltr'><strong>seu</strong></span> <span class='ocrx_word' id='word_1_33' title='bbox 1302 1079 1448 1154; x_wconf 88' lang='lat' dir='ltr'><strong>Tabula</strong></span> 
     </span>
     <span class='ocr_line' id='line_1_8' title="bbox 241 1180 1444 1281; baseline -0.003 -23"><span class='ocrx_word' id='word_1_34' title='bbox 241 1184 508 1281; x_wconf 85' lang='lat' dir='ltr'><strong>Septemviralis</strong></span> <span class='ocrx_word' id='word_1_35' title='bbox 536 1191 807 1273; x_wconf 80' lang='lat' dir='ltr'><strong>cognomentum</strong></span> <span class='ocrx_word' id='word_1_36' title='bbox 837 1180 930 1254; x_wconf 85' lang='lat' dir='ltr'><strong>istud</strong></span> <span class='ocrx_word' id='word_1_37' title='bbox 953 1180 1034 1252; x_wconf 89' lang='lat' dir='ltr'><strong>inde</strong></span> <span class='ocrx_word' id='word_1_38' title='bbox 1061 1185 1220 1278; x_wconf 88' lang='lat' dir='ltr'><strong>accepit,</strong></span> <span class='ocrx_word' id='word_1_39' title='bbox 1247 1190 1286 1253; x_wconf 91' lang='lat' dir='ltr'><strong>ut</strong></span> <span class='ocrx_word' id='word_1_40' title='bbox 1309 1181 1444 1277; x_wconf 89' lang='lat' dir='ltr'><strong>vulgo,</strong></span> 
     </span>
     <span class='ocr_line' id='line_1_9' title="bbox 240 1282 1446 1384; baseline -0.004 -23"><span class='ocrx_word' id='word_1_41' title='bbox 240 1285 309 1361; x_wconf 89' lang='lat' dir='ltr'><strong>uec</strong></span> <span class='ocrx_word' id='word_1_42' title='bbox 328 1288 404 1358; x_wconf 92' lang='lat' dir='ltr'><strong>sine</strong></span> <span class='ocrx_word' id='word_1_43' title='bbox 422 1282 667 1384; x_wconf 82' lang='lat' dir='ltr'><strong>probabilitate</strong></span> <span class='ocrx_word' id='word_1_44' title='bbox 687 1284 853 1374; x_wconf 90' lang='lat' dir='ltr'><strong>creditur,</strong></span> <span class='ocrx_word' id='word_1_45' title='bbox 876 1282 971 1379; x_wconf 87' lang='lat' dir='ltr'><strong>qnod</strong></span> <span class='ocrx_word' id='word_1_46' title='bbox 987 1285 1049 1356; x_wconf 84' lang='lat' dir='ltr'><strong>vel</strong></span> <span class='ocrx_word' id='word_1_47' title='bbox 1067 1295 1203 1381; x_wconf 88' lang='lat' dir='ltr'><strong>septem</strong></span> <span class='ocrx_word' id='word_1_48' title='bbox 1220 1289 1446 1380; x_wconf 81' lang='lat' dir='ltr'><strong>praecipuae</strong></span> 
     </span>
     <span class='ocr_line' id='line_1_10' title="bbox 242 1382 1441 1483; baseline -0.003 -21"><span class='ocrx_word' id='word_1_49' title='bbox 242 1391 420 1483; x_wconf 86' lang='lat' dir='ltr'><strong>dignitatis</strong></span> <span class='ocrx_word' id='word_1_50' title='bbox 446 1387 524 1459; x_wconf 90' lang='lat' dir='ltr'><strong>Viri</strong></span> <span class='ocrx_word' id='word_1_51' title='bbox 549 1382 687 1460; x_wconf 82' lang='lat' dir='ltr'><strong>Curiam</strong></span> <span class='ocrx_word' id='word_1_52' title='bbox 714 1386 884 1478; x_wconf 90' lang='lat' dir='ltr'><strong>Regiam,</strong></span> <span class='ocrx_word' id='word_1_53' title='bbox 912 1395 950 1457; x_wconf 85' lang='lat' dir='ltr'><strong>ut</strong></span> <span class='ocrx_word' id='word_1_54' title='bbox 977 1385 1120 1458; x_wconf 87' lang='lat' dir='ltr'><strong>Jndices</strong></span> <span class='ocrx_word' id='word_1_55' title='bbox 1149 1386 1441 1479; x_wconf 77' lang='lat' dir='ltr'><strong>ingrederentur,</strong></span> 
     </span>
     <span class='ocr_line' id='line_1_11' title="bbox 238 1486 1442 1587; baseline -0.006 -21"><span class='ocrx_word' id='word_1_56' title='bbox 238 1491 300 1566; x_wconf 85' lang='lat' dir='ltr'><strong>vel</strong></span> <span class='ocrx_word' id='word_1_57' title='bbox 319 1493 399 1587; x_wconf 90' lang='lat' dir='ltr'><strong>quia</strong></span> <span class='ocrx_word' id='word_1_58' title='bbox 416 1497 470 1560; x_wconf 86' lang='lat' dir='ltr'><strong>tot</strong></span> <span class='ocrx_word' id='word_1_59' title='bbox 489 1487 532 1559; x_wconf 89' lang='lat' dir='ltr'><strong>ad</strong></span> <span class='ocrx_word' id='word_1_60' title='bbox 549 1487 722 1561; x_wconf 89' lang='lat' dir='ltr'><strong>Judicium</strong></span> <span class='ocrx_word' id='word_1_61' title='bbox 749 1486 902 1562; x_wconf 83' lang='lat' dir='ltr'><strong>fuissent</strong></span> <span class='ocrx_word' id='word_1_62' title='bbox 930 1491 1136 1560; x_wconf 90' lang='lat' dir='ltr'><strong>necessarii.</strong></span> <span class='ocrx_word' id='word_1_63' title='bbox 1166 1487 1355 1583; x_wconf 84' lang='lat' dir='ltr'><strong>Quidquid</strong></span> <span class='ocrx_word' id='word_1_64' title='bbox 1380 1492 1442 1560; x_wconf 91' lang='lat' dir='ltr'><strong>rei</strong></span> 
     </span>
     <span class='ocr_line' id='line_1_12' title="bbox 240 1587 1442 1687; baseline -0.004 -19"><span class='ocrx_word' id='word_1_65' title='bbox 240 1595 373 1681; x_wconf 86' lang='lat' dir='ltr'><strong>subsit,</strong></span> <span class='ocrx_word' id='word_1_66' title='bbox 400 1601 576 1662; x_wconf 83' lang='lat' dir='ltr'><strong>retentum</strong></span> <span class='ocrx_word' id='word_1_67' title='bbox 602 1587 668 1662; x_wconf 87' lang='lat' dir='ltr'><strong>fuit</strong></span> <span class='ocrx_word' id='word_1_68' title='bbox 693 1599 819 1687; x_wconf 85' lang='lat' dir='ltr'><strong>postea</strong></span> <span class='ocrx_word' id='word_1_69' title='bbox 848 1594 974 1680; x_wconf 88' lang='lat' dir='ltr'><strong>etiam,</strong></span> <span class='ocrx_word' id='word_1_70' title='bbox 1009 1613 1113 1685; x_wconf 89' lang='lat' dir='ltr'><strong>quum</strong></span> <span class='ocrx_word' id='word_1_71' title='bbox 1141 1611 1306 1662; x_wconf 89' lang='lat' dir='ltr'><strong>numerus</strong></span> <span class='ocrx_word' id='word_1_72' title='bbox 1333 1590 1442 1663; x_wconf 89' lang='lat' dir='ltr'><strong>adsi-</strong></span> 
     </span>
     <span class='ocr_line' id='line_1_13' title="bbox 240 1692 1441 1788; baseline -0.002 -20"><span class='ocrx_word' id='word_1_73' title='bbox 240 1698 394 1768; x_wconf 87' lang='lat' dir='ltr'><strong>dentium</strong></span> <span class='ocrx_word' id='word_1_74' title='bbox 423 1703 547 1764; x_wconf 91' lang='lat' dir='ltr'><strong>auctus</strong></span> <span class='ocrx_word' id='word_1_75' title='bbox 575 1702 652 1781; x_wconf 90' lang='lat' dir='ltr'><strong>est,</strong></span> <span class='ocrx_word' id='word_1_76' title='bbox 679 1716 758 1764; x_wconf 84' lang='lat' dir='ltr'><strong>narn</strong></span> <span class='ocrx_word' id='word_1_77' title='bbox 784 1695 850 1765; x_wconf 91' lang='lat' dir='ltr'><strong>hos</strong></span> <span class='ocrx_word' id='word_1_78' title='bbox 877 1697 981 1764; x_wconf 87' lang='lat' dir='ltr'><strong>etiam</strong></span> <span class='ocrx_word' id='word_1_79' title='bbox 1000 1703 1098 1764; x_wconf 87' lang='lat' dir='ltr'><strong>aetas</strong></span> <span class='ocrx_word' id='word_1_80' title='bbox 1123 1701 1246 1774; x_wconf 81' lang='lat' dir='ltr'><strong>nostra</strong></span> <span class='ocrx_word' id='word_1_81' title='bbox 1265 1692 1441 1788; x_wconf 85' lang='lat' dir='ltr'><strong>Septem-</strong></span> 
     </span>
     <span class='ocr_line' id='line_1_14' title="bbox 238 1793 1441 1892; baseline -0.004 -20"><span class='ocrx_word' id='word_1_82' title='bbox 238 1803 338 1873; x_wconf 88' lang='lat' dir='ltr'><strong>viros</strong></span> <span class='ocrx_word' id='word_1_83' title='bbox 366 1794 565 1892; x_wconf 85' lang='lat' dir='ltr'><strong>compellat.</strong></span> <span class='ocrx_word' id='word_1_84' title='bbox 593 1795 777 1867; x_wconf 88' lang='lat' dir='ltr'><strong>Praesidct</strong></span> <span class='ocrx_word' id='word_1_85' title='bbox 802 1793 860 1866; x_wconf 90' lang='lat' dir='ltr'><strong>hic</strong></span> <span class='ocrx_word' id='word_1_86' title='bbox 887 1795 1065 1866; x_wconf 83' lang='lat' dir='ltr'><strong>Palatinus</strong></span> <span class='ocrx_word' id='word_1_87' title='bbox 1094 1794 1234 1889; x_wconf 90' lang='lat' dir='ltr'><strong>Regni,</strong></span> <span class='ocrx_word' id='word_1_88' title='bbox 1254 1803 1331 1866; x_wconf 77' lang='lat' dir='ltr'><strong>&#39;una</strong></span> <span class='ocrx_word' id='word_1_89' title='bbox 1356 1795 1441 1867; x_wconf 88' lang='lat' dir='ltr'><strong>Lo-</strong></span> 
     </span>
     <span class='ocr_line' id='line_1_15' title="bbox 240 1894 1439 1992; baseline -0.004 -19"><span class='ocrx_word' id='word_1_90' title='bbox 240 1897 455 1974; x_wconf 62' lang='lat' dir='ltr'><strong>cumtenens&#39;</strong></span> <span class='ocrx_word' id='word_1_91' title='bbox 471 1895 606 1991; x_wconf 88' lang='lat' dir='ltr'><strong>Regius</strong></span> <span class='ocrx_word' id='word_1_92' title='bbox 637 1894 692 1992; x_wconf 79' lang='lat'><strong>⁸),</strong></span> <span class='ocrx_word' id='word_1_93' title='bbox 720 1896 790 1968; x_wconf 92' lang='lat' dir='ltr'><strong>boc</strong></span> <span class='ocrx_word' id='word_1_94' title='bbox 816 1894 962 1969; x_wconf 90' lang='lat' dir='ltr'><strong>absente</strong></span> <span class='ocrx_word' id='word_1_95' title='bbox 992 1897 1146 1990; x_wconf 87' lang='lat' dir='ltr'><strong>exlege</strong></span> <span class='ocrx_word' id='word_1_96' title='bbox 1172 1895 1289 1968; x_wconf 86' lang='lat' dir='ltr'><strong>Judex</strong></span> <span class='ocrx_word' id='word_1_97' title='bbox 1307 1894 1439 1970; x_wconf 83' lang='lat' dir='ltr'><strong>Curiae</strong></span> 
     </span>
     <span class='ocr_line' id='line_1_16' title="bbox 238 1998 1439 2096; baseline -0.002 -22"><span class='ocrx_word' id='word_1_98' title='bbox 238 2004 374 2096; x_wconf 84' lang='lat' dir='ltr'><strong>Regiae</strong></span> <span class='ocrx_word' id='word_1_99' title='bbox 405 1998 454 2089; x_wconf 66' lang='lat'><strong>¹⁹),</strong></span> <span class='ocrx_word' id='word_1_100' title='bbox 483 2001 541 2093; x_wconf 89' lang='lat' dir='ltr'><strong>qni</strong></span> <span class='ocrx_word' id='word_1_101' title='bbox 560 2001 591 2070; x_wconf 89' lang='lat' dir='ltr'><strong>si</strong></span> <span class='ocrx_word' id='word_1_102' title='bbox 609 2000 686 2093; x_wconf 88' lang='lat' dir='ltr'><strong>ipse</strong></span> <span class='ocrx_word' id='word_1_103' title='bbox 706 1999 817 2090; x_wconf 86' lang='lat' dir='ltr'><strong>desit,</strong></span> <span class='ocrx_word' id='word_1_104' title='bbox 846 2001 974 2073; x_wconf 89' lang='lat' dir='ltr'><strong>altere</strong></span> <span class='ocrx_word' id='word_1_105' title='bbox 999 1998 1195 2072; x_wconf 79' lang='lat' dir='ltr'><strong>Beronibus</strong></span> <span class='ocrx_word' id='word_1_106' title='bbox 1213 1998 1342 2092; x_wconf 83' lang='lat' dir='ltr'><strong>Regni,</strong></span> <span class='ocrx_word' id='word_1_107' title='bbox 1360 2022 1439 2073; x_wconf 87' lang='lat' dir='ltr'><strong>re-</strong></span> 
     </span>
     <span class='ocr_line' id='line_1_17' title="bbox 238 2099 1440 2197; baseline -0.002 -21"><span class='ocrx_word' id='word_1_108' title='bbox 238 2127 315 2176; x_wconf 90' lang='lat' dir='ltr'><strong>rum</strong></span> <span class='ocrx_word' id='word_1_109' title='bbox 340 2103 413 2192; x_wconf 85' lang='lat' dir='ltr'><strong>jam</strong></span> <span class='ocrx_word' id='word_1_110' title='bbox 450 2099 620 2197; x_wconf 87' lang='lat' dir='ltr'><strong>peculiari</strong></span> <span class='ocrx_word' id='word_1_111' title='bbox 649 2102 804 2176; x_wconf 85' lang='lat' dir='ltr'><strong>Decreto</strong></span> <span class='ocrx_word' id='word_1_112' title='bbox 834 2124 899 2197; x_wconf 92' lang='lat' dir='ltr'><strong>per</strong></span> <span class='ocrx_word' id='word_1_113' title='bbox 928 2101 1077 2196; x_wconf 88' lang='lat' dir='ltr'><strong>Regiam</strong></span> <span class='ocrx_word' id='word_1_114' title='bbox 1115 2101 1337 2193; x_wconf 88' lang='lat' dir='ltr'><strong>Majestatem</strong></span> <span class='ocrx_word' id='word_1_115' title='bbox 1368 2101 1440 2174; x_wconf 89' lang='lat' dir='ltr'><strong>bac</strong></span> 
     </span>
     <span class='ocr_line' id='line_1_18' title="bbox 240 2202 686 2278; baseline -0.013 1"><span class='ocrx_word' id='word_1_116' title='bbox 240 2207 449 2278; x_wconf 86' lang='lat' dir='ltr'><strong>auctoritate</strong></span> <span class='ocrx_word' id='word_1_117' title='bbox 467 2202 686 2275; x_wconf 90' lang='lat' dir='ltr'><strong>muniendus.</strong></span> 
     </span>
    </p>
   </div>
   <div class='ocr_carea' id='block_1_5' title="bbox 758 2425 909 2512">
    <p class='ocr_par' dir='ltr' id='par_1_5' title="bbox 758 2425 909 2512">
     <span class='ocr_line' id='line_1_19' title="bbox 758 2425 909 2512; baseline -0.02 -14"><span class='ocrx_word' id='word_1_118' title='bbox 758 2425 794 2512; x_wconf 86' lang='lat'><strong>§.</strong></span> <span class='ocrx_word' id='word_1_119' title='bbox 824 2427 909 2498; x_wconf 78' lang='lat'><strong>731.</strong></span> 
     </span>
    </p>
   </div>
   <div class='ocr_carea' id='block_1_6' title="bbox 462 2573 1209 2670">
    <p class='ocr_par' dir='ltr' id='par_1_6' title="bbox 462 2573 1209 2670">
     <span class='ocr_line' id='line_1_20' title="bbox 462 2573 1209 2670; baseline 0.004 -22"><span class='ocrx_word' id='word_1_120' title='bbox 462 2573 564 2648; x_wconf 82' lang='lat' dir='ltr'><strong>Velut</strong></span> <span class='ocrx_word' id='word_1_121' title='bbox 588 2577 775 2670; x_wconf 78' lang='lat' dir='ltr'><strong>Supremo</strong></span> <span class='ocrx_word' id='word_1_122' title='bbox 802 2579 978 2650; x_wconf 76' lang='lat' dir='ltr'><strong>Iustitiae</strong></span> <span class='ocrx_word' id='word_1_123' title='bbox 1007 2577 1209 2651; x_wconf 76' lang='lat' dir='ltr'><strong>Tre&#39;bonalc&#39;.</strong></span> 
     </span>
    </p>
   </div>
   <div class='ocr_carea' id='block_1_7' title="bbox 143 2722 1438 4044">
    <p class='ocr_par' dir='ltr' id='par_1_7' title="bbox 143 2722 1438 4044">
     <span class='ocr_line' id='line_1_21' title="bbox 343 2722 1434 2820; baseline 0.001 -25"><span class='ocrx_word' id='word_1_124' title='bbox 343 2722 499 2796; x_wconf 85' lang='lat' dir='ltr'><strong>Membra</strong></span> <span class='ocrx_word' id='word_1_125' title='bbox 517 2722 587 2812; x_wconf 91' lang='lat' dir='ltr'><strong>illi,</strong></span> <span class='ocrx_word' id='word_1_126' title='bbox 607 2734 749 2818; x_wconf 85' lang='lat' dir='ltr'><strong>praeter</strong></span> <span class='ocrx_word' id='word_1_127' title='bbox 767 2725 982 2811; x_wconf 84' lang='lat' dir='ltr'><strong>Palatinum,</strong></span> <span class='ocrx_word' id='word_1_128' title='bbox 1009 2726 1137 2816; x_wconf 86' lang='lat' dir='ltr'><strong>viginti</strong></span> <span class='ocrx_word' id='word_1_129' title='bbox 1155 2747 1280 2797; x_wconf 88' lang='lat' dir='ltr'><strong>unum:</strong></span> <span class='ocrx_word' id='word_1_130' title='bbox 1309 2747 1434 2820; x_wconf 86' lang='lat' dir='ltr'><strong>nempe</strong></span> 
     </span>
     <span class='ocr_line' id='line_1_22' title="bbox 241 2826 1435 2920; baseline 0 -22"><span class='ocrx_word' id='word_1_131' title='bbox 241 2826 429 2898; x_wconf 81' lang='lat' dir='ltr'><strong>Antistites</strong></span> <span class='ocrx_word' id='word_1_132' title='bbox 457 2827 631 2916; x_wconf 89' lang='lat' dir='ltr'><strong>quinque,</strong></span> <span class='ocrx_word' id='word_1_133' title='bbox 662 2844 750 2918; x_wconf 90' lang='lat' dir='ltr'><strong>quos</strong></span> <span class='ocrx_word' id='word_1_134' title='bbox 779 2829 871 2896; x_wconf 88' lang='lat' dir='ltr'><strong>inter</strong></span> <span class='ocrx_word' id='word_1_135' title='bbox 898 2827 1031 2898; x_wconf 87' lang='lat' dir='ltr'><strong>Primas</strong></span> <span class='ocrx_word' id='word_1_136' title='bbox 1050 2826 1188 2920; x_wconf 88' lang='lat' dir='ltr'><strong>Regni,</strong></span> <span class='ocrx_word' id='word_1_137' title='bbox 1217 2837 1253 2898; x_wconf 86' lang='lat' dir='ltr'><strong>et</strong></span> <span class='ocrx_word' id='word_1_138' title='bbox 1271 2831 1435 2902; x_wconf 89' lang='lat' dir='ltr'><strong>continua</strong></span> 
     </span>
     <span class='ocr_line' id='line_1_23' title="bbox 244 2922 1433 3021; baseline 0.002 -23"><span class='ocrx_word' id='word_1_139' title='bbox 244 2925 501 2998; x_wconf 78' lang='lat' dir='ltr'><strong>consuetudine</strong></span> <span class='ocrx_word' id='word_1_140' title='bbox 529 2924 880 3021; x_wconf 84' lang='lat' dir='ltr'><strong>Archi-Episcopus</strong></span> <span class='ocrx_word' id='word_1_141' title='bbox 919 2922 1153 3018; x_wconf 78' lang='lat' dir='ltr'><strong>colocensis3</strong></span> <span class='ocrx_word' id='word_1_142' title='bbox 1189 2952 1208 3000; x_wconf 92' lang='lat' dir='ltr'><strong>e</strong></span> <span class='ocrx_word' id='word_1_143' title='bbox 1239 2929 1433 3001; x_wconf 83' lang='lat' dir='ltr'><strong>Beronibus</strong></span> 
     </span>
     <span class='ocr_line' id='line_1_24' title="bbox 241 3025 1434 3126; baseline 0.002 -26"><span class='ocrx_word' id='word_1_144' title='bbox 241 3029 379 3122; x_wconf 90' lang='lat' dir='ltr'><strong>Regni,</strong></span> <span class='ocrx_word' id='word_1_145' title='bbox 406 3037 441 3098; x_wconf 86' lang='lat' dir='ltr'><strong>et</strong></span> <span class='ocrx_word' id='word_1_146' title='bbox 468 3025 690 3120; x_wconf 80' lang='lat' dir='ltr'><strong>Magnetibus</strong></span> <span class='ocrx_word' id='word_1_147' title='bbox 721 3039 880 3123; x_wconf 71' lang='lat' dir='ltr'><strong>septem,</strong></span> <span class='ocrx_word' id='word_1_148' title='bbox 909 3039 944 3102; x_wconf 91' lang='lat' dir='ltr'><strong>et</strong></span> <span class='ocrx_word' id='word_1_149' title='bbox 959 3051 1089 3103; x_wconf 88' lang='lat' dir='ltr'><strong>novem</strong></span> <span class='ocrx_word' id='word_1_150' title='bbox 1108 3053 1154 3102; x_wconf 86' lang='lat' dir='ltr'><strong>ex</strong></span> <span class='ocrx_word' id='word_1_151' title='bbox 1170 3030 1338 3126; x_wconf 88' lang='lat' dir='ltr'><strong>Equestri</strong></span> <span class='ocrx_word' id='word_1_152' title='bbox 1355 3031 1434 3103; x_wconf 93' lang='lat' dir='ltr'><strong>No-</strong></span> 
     </span>
     <span class='ocr_line' id='line_1_25' title="bbox 242 3129 1435 3205; baseline -0.002 -1"><span class='ocrx_word' id='word_1_153' title='bbox 242 3132 363 3204; x_wconf 89' lang='lat' dir='ltr'><strong>bilium</strong></span> <span class='ocrx_word' id='word_1_154' title='bbox 382 3129 516 3202; x_wconf 91' lang='lat' dir='ltr'><strong>ordine.</strong></span> <span class='ocrx_word' id='word_1_155' title='bbox 537 3129 581 3203; x_wconf 87' lang='lat' dir='ltr'><strong>Ut</strong></span> <span class='ocrx_word' id='word_1_156' title='bbox 591 3130 709 3205; x_wconf 83' lang='lat' dir='ltr'><strong>valida</strong></span> <span class='ocrx_word' id='word_1_157' title='bbox 728 3136 773 3202; x_wconf 87' lang='lat' dir='ltr'><strong>sit</strong></span> <span class='ocrx_word' id='word_1_158' title='bbox 792 3134 967 3204; x_wconf 86' lang='lat' dir='ltr'><strong>sententia</strong></span> <span class='ocrx_word' id='word_1_159' title='bbox 984 3135 1162 3203; x_wconf 90' lang='lat' dir='ltr'><strong>minimum</strong></span> <span class='ocrx_word' id='word_1_160' title='bbox 1179 3134 1341 3205; x_wconf 89' lang='lat' dir='ltr'><strong>undecim</strong></span> <span class='ocrx_word' id='word_1_161' title='bbox 1360 3155 1435 3203; x_wconf 86' lang='lat' dir='ltr'><strong>eum</strong></span> 
     </span>
     <span class='ocr_line' id='line_1_26' title="bbox 243 3232 1434 3327; baseline -0.002 -19"><span class='ocrx_word' id='word_1_162' title='bbox 243 3234 411 3308; x_wconf 87' lang='lat' dir='ltr'><strong>Praeside</strong></span> <span class='ocrx_word' id='word_1_163' title='bbox 430 3232 574 3304; x_wconf 89' lang='lat' dir='ltr'><strong>Judices</strong></span> <span class='ocrx_word' id='word_1_164' title='bbox 593 3232 654 3304; x_wconf 84' lang='lat' dir='ltr'><strong>lex</strong></span> <span class='ocrx_word' id='word_1_165' title='bbox 670 3235 817 3327; x_wconf 88' lang='lat' dir='ltr'><strong>requirit</strong></span> <span class='ocrx_word' id='word_1_166' title='bbox 848 3236 891 3323; x_wconf 70' lang='grc'><strong>0).</strong></span> <span class='ocrx_word' id='word_1_167' title='bbox 910 3232 972 3304; x_wconf 89' lang='lat' dir='ltr'><strong>llis</strong></span> <span class='ocrx_word' id='word_1_168' title='bbox 992 3233 1085 3305; x_wconf 81' lang='lat' dir='ltr'><strong>forte</strong></span> <span class='ocrx_word' id='word_1_169' title='bbox 1103 3234 1359 3324; x_wconf 85' lang='lat' dir='ltr'><strong>deficientibus,</strong></span> <span class='ocrx_word' id='word_1_170' title='bbox 1377 3238 1434 3306; x_wconf 89' lang='lat' dir='ltr'><strong>in-</strong></span> 
     </span>
     <span class='ocr_line' id='line_1_27' title="bbox 243 3332 1434 3433; baseline 0 -25"><span class='ocrx_word' id='word_1_171' title='bbox 243 3347 382 3430; x_wconf 87' lang='lat' dir='ltr'><strong>tegrum</strong></span> <span class='ocrx_word' id='word_1_172' title='bbox 400 3345 456 3406; x_wconf 87' lang='lat' dir='ltr'><strong>est</strong></span> <span class='ocrx_word' id='word_1_173' title='bbox 472 3332 697 3406; x_wconf 88' lang='lat' dir='ltr'><strong>Praesidibus</strong></span> <span class='ocrx_word' id='word_1_174' title='bbox 716 3339 897 3430; x_wconf 88' lang='lat' dir='ltr'><strong>utriusque</strong></span> <span class='ocrx_word' id='word_1_175' title='bbox 916 3335 1071 3407; x_wconf 84' lang='lat' dir='ltr'><strong>Tabulae</strong></span> <span class='ocrx_word' id='word_1_176' title='bbox 1103 3358 1168 3433; x_wconf 93' lang='lat' dir='ltr'><strong>pro</strong></span> <span class='ocrx_word' id='word_1_177' title='bbox 1189 3336 1434 3424; x_wconf 89' lang='lat' dir='ltr'><strong>criminalibus,</strong></span> 
     </span>
     <span class='ocr_line' id='line_1_28' title="bbox 245 3435 1434 3535; baseline -0.001 -25"><span class='ocrx_word' id='word_1_178' title='bbox 245 3435 513 3523; x_wconf 83' lang='lat' dir='ltr'><strong>divortialibus,</strong></span> <span class='ocrx_word' id='word_1_179' title='bbox 542 3445 578 3507; x_wconf 84' lang='lat' dir='ltr'><strong>et</strong></span> <span class='ocrx_word' id='word_1_180' title='bbox 613 3435 788 3510; x_wconf 87' lang='lat' dir='ltr'><strong>fiscalibus</strong></span> <span class='ocrx_word' id='word_1_181' title='bbox 819 3440 935 3510; x_wconf 88' lang='lat' dir='ltr'><strong>causis</strong></span> <span class='ocrx_word' id='word_1_182' title='bbox 962 3447 1154 3511; x_wconf 88' lang='lat' dir='ltr'><strong>extraneos</strong></span> <span class='ocrx_word' id='word_1_183' title='bbox 1180 3439 1225 3510; x_wconf 91' lang='lat' dir='ltr'><strong>ad</strong></span> <span class='ocrx_word' id='word_1_184' title='bbox 1252 3439 1434 3535; x_wconf 89' lang='lat' dir='ltr'><strong>complen-</strong></span> 
     </span>
     <span class='ocr_line' id='line_1_29' title="bbox 143 3537 1435 3638; baseline -0.002 -26"><span class='ocrx_word' id='word_1_185' title='bbox 143 3554 145 3558; x_wconf 82' lang='grc'>’</span> <span class='ocrx_word' id='word_1_186' title='bbox 244 3541 324 3612; x_wconf 91' lang='lat' dir='ltr'><strong>dnm</strong></span> <span class='ocrx_word' id='word_1_187' title='bbox 341 3539 513 3634; x_wconf 91' lang='lat' dir='ltr'><strong>Judicium</strong></span> <span class='ocrx_word' id='word_1_188' title='bbox 541 3537 766 3628; x_wconf 82' lang='lat' dir='ltr'><strong>adsciscere,</strong></span> <span class='ocrx_word' id='word_1_189' title='bbox 796 3562 941 3634; x_wconf 90' lang='lat' dir='ltr'><strong>quorum</strong></span> <span class='ocrx_word' id='word_1_190' title='bbox 960 3547 1077 3612; x_wconf 89' lang='lat' dir='ltr'><strong>tamen</strong></span> <span class='ocrx_word' id='word_1_191' title='bbox 1105 3562 1270 3615; x_wconf 87' lang='lat' dir='ltr'><strong>numerus</strong></span> <span class='ocrx_word' id='word_1_192' title='bbox 1289 3539 1435 3638; x_wconf 89' lang='lat' dir='ltr'><strong>provida</strong></span> 
     </span>
     <span class='ocr_line' id='line_1_30' title="bbox 245 3640 1435 3739; baseline -0.001 -26"><span class='ocrx_word' id='word_1_193' title='bbox 245 3643 479 3738; x_wconf 88' lang='lat' dir='ltr'><strong>dispositione</strong></span> <span class='ocrx_word' id='word_1_194' title='bbox 499 3640 542 3711; x_wconf 90' lang='lat' dir='ltr'><strong>ad</strong></span> <span class='ocrx_word' id='word_1_195' title='bbox 561 3640 629 3712; x_wconf 93' lang='lat' dir='ltr'><strong>duo</strong></span> <span class='ocrx_word' id='word_1_196' title='bbox 649 3641 831 3715; x_wconf 88' lang='lat' dir='ltr'><strong>individua</strong></span> <span class='ocrx_word' id='word_1_197' title='bbox 849 3643 1034 3732; x_wconf 85' lang='lat' dir='ltr'><strong>restrictus</strong></span> <span class='ocrx_word' id='word_1_198' title='bbox 1053 3641 1435 3739; x_wconf 46' lang='lat' dir='ltr'><strong>babeturrsupremum</strong></span> 
     </span>
     <span class='ocr_line' id='line_1_31' title="bbox 245 3739 1436 3841; baseline 0 -27"><span class='ocrx_word' id='word_1_199' title='bbox 245 3743 409 3815; x_wconf 73' lang='lat' dir='ltr'><strong>iustitiae</strong></span> <span class='ocrx_word' id='word_1_200' title='bbox 439 3741 604 3813; x_wconf 86' lang='lat' dir='ltr'><strong>Tribunal</strong></span> <span class='ocrx_word' id='word_1_201' title='bbox 623 3743 666 3814; x_wconf 92' lang='lat' dir='ltr'><strong>de</strong></span> <span class='ocrx_word' id='word_1_202' title='bbox 694 3746 738 3814; x_wconf 87' lang='lat' dir='ltr'><strong>iis</strong></span> <span class='ocrx_word' id='word_1_203' title='bbox 765 3745 933 3816; x_wconf 82' lang='lat' dir='ltr'><strong>duntaxat</strong></span> <span class='ocrx_word' id='word_1_204' title='bbox 959 3744 1113 3834; x_wconf 86' lang='lat' dir='ltr'><strong>judicat,</strong></span> <span class='ocrx_word' id='word_1_205' title='bbox 1142 3768 1232 3841; x_wconf 87' lang='lat' dir='ltr'><strong>quae</strong></span> <span class='ocrx_word' id='word_1_206' title='bbox 1261 3739 1436 3818; x_wconf 86' lang='lat' dir='ltr'><strong>ordinaria</strong></span> 
     </span>
     <span class='ocr_line' id='line_1_32' title="bbox 206 3843 1438 3980; baseline 0.008 -69"><span class='ocrx_word' id='word_1_207' title='bbox 206 3908 207 3911; x_wconf 74' lang='grc'>,</span> <span class='ocrx_word' id='word_1_208' title='bbox 245 3843 506 3980; x_wconf 58' lang='grc' dir='ltr'>ΑρροΠαῑίοηίῗ</span> <span class='ocrx_word' id='word_1_209' title='bbox 532 3846 591 3914; x_wconf 85' lang='lat' dir='ltr'><strong>via</strong></span> <span class='ocrx_word' id='word_1_210' title='bbox 621 3844 665 3915; x_wconf 90' lang='lat' dir='ltr'><strong>ad</strong></span> <span class='ocrx_word' id='word_1_211' title='bbox 682 3845 767 3918; x_wconf 94' lang='lat' dir='ltr'><strong>illud</strong></span> <span class='ocrx_word' id='word_1_212' title='bbox 785 3846 1034 3936; x_wconf 88' lang='lat' dir='ltr'><strong>devolvuntur,</strong></span> <span class='ocrx_word' id='word_1_213' title='bbox 1061 3847 1153 3919; x_wconf 92' lang='lat' dir='ltr'><strong>unde</strong></span> <span class='ocrx_word' id='word_1_214' title='bbox 1181 3850 1254 3940; x_wconf 89' lang='lat' dir='ltr'><strong>jam</strong></span> <span class='ocrx_word' id='word_1_215' title='bbox 1272 3847 1366 3920; x_wconf 88' lang='lat' dir='ltr'><strong>nulla</strong></span> <span class='ocrx_word' id='word_1_216' title='bbox 1384 3858 1438 3921; x_wconf 87' lang='lat' dir='ltr'><strong>est</strong></span> 
     </span>
     <span class='ocr_line' id='line_1_33' title="bbox 245 3944 531 4044; baseline -0.007 -26"><span class='ocrx_word' id='word_1_217' title='bbox 245 3948 456 4044; x_wconf 85' lang='lat' dir='ltr'><strong>provocatio</strong></span> <span class='ocrx_word' id='word_1_218' title='bbox 502 3944 531 4034; x_wconf 88' lang='lat'><strong>).</strong></span> 
     </span>
    </p>
   </div>
   <div class='ocr_carea' id='block_1_8' title="bbox 241 4091 453 4110">
    <p class='ocr_par' dir='ltr' id='par_1_8' title="bbox 241 4091 453 4110">
     <span class='ocr_line' id='line_1_34' title="bbox 241 4091 453 4110; baseline 0.009 -2"><span class='ocrx_word' id='word_1_219' title='bbox 241 4091 453 4110; x_wconf 55' lang='lat'><strong>*¹⁸*—</strong></span> 
     </span>
    </p>
   </div>
   <div class='ocr_carea' id='block_1_9' title="bbox 271 4158 615 4480">
    <p class='ocr_par' dir='ltr' id='par_1_9' title="bbox 272 4158 462 4224">
     <span class='ocr_line' id='line_1_35' title="bbox 272 4158 462 4224; baseline 0.016 -12"><span class='ocrx_word' id='word_1_220' title='bbox 272 4159 298 4224; x_wconf 71' lang='lat' dir='ltr'><strong>n)</strong></span> <span class='ocrx_word' id='word_1_221' title='bbox 318 4161 396 4213; x_wconf 84' lang='grc'><strong>1723.</strong></span> <span class='ocrx_word' id='word_1_222' title='bbox 416 4158 462 4215; x_wconf 69' lang='grc'><strong>24.</strong></span> 
     </span>
    </p>

    <p class='ocr_par' dir='ltr' id='par_1_10' title="bbox 271 4243 615 4480">
     <span class='ocr_line' id='line_1_36' title="bbox 271 4243 581 4313; baseline 0 -15"><span class='ocrx_word' id='word_1_223' title='bbox 271 4247 298 4310; x_wconf 78' lang='lat'><strong>¹³)</strong></span> <span class='ocrx_word' id='word_1_224' title='bbox 317 4248 413 4311; x_wconf 70' lang='lat' dir='ltr'><strong>Eiuad.</strong></span> <span class='ocrx_word' id='word_1_225' title='bbox 435 4250 494 4302; x_wconf 77' lang='lat' dir='ltr'><strong>Art.</strong></span> <span class='ocrx_word' id='word_1_226' title='bbox 512 4245 536 4313; x_wconf 64' lang='lat'><strong>5.</strong></span> <span class='ocrx_word' id='word_1_227' title='bbox 556 4243 581 4298; x_wconf 75' lang='lat'><strong>4.</strong></span> 
     </span>
     <span class='ocr_line' id='line_1_37' title="bbox 272 4327 615 4397; baseline 0.015 -16"><span class='ocrx_word' id='word_1_228' title='bbox 272 4329 298 4394; x_wconf 66' lang='grc' dir='ltr'><strong>ιτ)</strong></span> <span class='ocrx_word' id='word_1_229' title='bbox 317 4332 369 4382; x_wconf 76' lang='lat' dir='ltr'><strong>cit</strong></span> <span class='ocrx_word' id='word_1_230' title='bbox 391 4333 468 4388; x_wconf 80' lang='grc'><strong>1722.</strong></span> <span class='ocrx_word' id='word_1_231' title='bbox 485 4329 530 4386; x_wconf 77' lang='grc'><strong>24.</strong></span> <span class='ocrx_word' id='word_1_232' title='bbox 548 4327 571 4397; x_wconf 70' lang='lat' dir='ltr'><strong>d.</strong></span> <span class='ocrx_word' id='word_1_233' title='bbox 590 4333 615 4386; x_wconf 79' lang='lat'><strong>³.</strong></span> 
     </span>
     <span class='ocr_line' id='line_1_38' title="bbox 273 4413 458 4480; baseline 0 -12"><span class='ocrx_word' id='word_1_234' title='bbox 273 4413 300 4480; x_wconf 72' lang='lat' dir='ltr'><strong>d)</strong></span> <span class='ocrx_word' id='word_1_235' title='bbox 319 4417 396 4471; x_wconf 83' lang='lat'><strong>1791.</strong></span> <span class='ocrx_word' id='word_1_236' title='bbox 415 4421 458 4471; x_wconf 75' lang='lat' dir='ltr'><strong>aa.</strong></span> 
     </span>
    </p>
   </div>
   <div class='ocr_carea' id='block_1_10' title="bbox 0 0 1575 4882">
    <p class='ocr_par' dir='ltr' id='par_1_11' title="bbox 0 0 1575 4882">
     <span class='ocr_line' id='line_1_39' title="bbox 0 0 1575 4882; baseline 0 0"><span class='ocrx_word' id='word_1_237' title='bbox 0 0 1575 4882; x_wconf 95' lang='lat' dir='ltr'><strong> </strong></span> 
     </span>
    </p>
   </div>
  </div>
 </body>
</html>
