3122 4852
225 171 300 248 tos

224 345 268 418 ad
305 342 563 442 reprimendam
598 349 736 439 pestem
774 343 990 420 necessariis
1031 342 1255 432 condiderat;
1292 350 1425 442 postea

223 447 402 545 Josephus
420 446 489 537 tt,
514 444 733 542 publicorum
764 467 910 545 operum
926 455 1113 544 promotor
1131 445 1423 531 studiosissimus,

223 547 348 623 horum
366 551 529 643 praecise
548 569 656 622 causa
674 549 780 624 Ammo
802 553 910 623 1787.
924 547 968 622 ad
979 547 1169 644 quemlibet
1180 551 1424 623 centenarium

223 649 337 723 adduc
363 662 445 724 octo
476 649 674 723 cruciferos
703 649 851 741 adjecit,
879 662 1102 745 augmentum
1130 649 1224 724 istud
1250 651 1366 724 serios
1385 656 1424 722 im

222 753 339 846 legem
358 751 442 824 abiit
471 753 519 844 ¹),
537 774 580 824 ac
596 761 635 826 ut
653 752 821 848 deinceps
840 773 979 849 quoque
997 756 1243 850 praestitutum
1261 751 1424 826 induem

224 863 476 943 convertatur,
504 853 597 948 Regi
624 875 690 951 per
717 853 909 927 Consilium
928 854 1079 949 Regium
1096 854 1426 928 Locumtcncutiaie

224 977 404 1049 congruae
423 959 691 1052 propositiones
709 954 787 1028 ieri
800 956 979 1047 jubentur.
999 957 1169 1054 Alioquin
1191 957 1427 1030 cameralibus

222 1057 1427 1257 221.ῗ;11ῑ;..111,111111ῖί113..111ἓέ1,οῗεὲ

223 1271 404 1356 ventoque
430 1259 653 1350 detrahatur,
680 1272 742 1334 aut
768 1261 981 1334 condimenti
1009 1271 1198 1359 tantopere
1229 1266 1428 1336 necessarii

225 1367 442 1461 comparatio
462 1385 600 1458 quaqua
617 1384 762 1437 versum
779 1385 845 1459 por
863 1364 1024 1458 Regnum
1043 1365 1232 1462 impedita,
1260 1364 1425 1454 molesta,

224 1470 416 1561 gravisque
435 1466 586 1554 evadat3
613 1465 659 1537 ad
684 1464 779 1562 quod
808 1467 1067 1562 assequendum
1094 1465 1300 1541 vectoribus
1320 1487 1426 1539 com-

223 1578 351 1664 peteus
387 1567 597 1662 stipendium
632 1566 877 1664 pendendum,
933 1571 1028 1662 quin·
1050 1579 1168 1643 tamen
1202 1567 1343 1642 incolae
1378 1567 1425 1639 ad
1539 1610 1540 1636 t

223 1669 422 1742 vehendum
440 1668 560 1740 Salem
584 1674 799 1742 executione
835 1670 1012 1743 mediante
1038 1670 1313 1767 compellantur,
1341 1670 1425 1762 lege

227 1773 360 1865 pariter
387 1768 568 1843 decrettum
595 1769 661 1842 iuit
691 1770 739 1862 ¹³).

646 2036 812 2125 vaput
844 2037 1005 2108 xvn.

226 2199 281 2282 tte
317 2197 463 2301 regati
500 2178 928 2300 tteta'ttiiodioarom,
955 2201 998 2281 ot
1031 2197 1283 2283 itinerarum
1316 2197 1428 2278 ture.

750 2373 787 2459 §.
817 2375 902 2446 589.

252 2545 459 2620 Procoeton
490 2547 722 2618 meteororum
753 2547 1056 2638 omnitempore
1091 2546 1144 2621 od
1167 2549 1236 2621 Ius
1263 2547 1396 2641 regale

721 2675 915 2762 pertinuit.

330 2839 455 2913 Tacito
482 2846 576 2911 teste
607 2836 639 2927 ⁶]
663 2840 737 2929 jam
763 2851 947 2936 autequam
975 2844 1012 2911 in
1039 2837 1102 2912 has
1128 2850 1242 2913 terras
1268 2837 1431 2932 Hungari

230 2941 483 3030 devenissent,
511 2936 624 3026 Quadi
642 2939 782 3014 fodinas
801 2941 888 3014 sarri
915 2941 1158 3014 excoluerunt.
1186 2941 1301 3013 Valde
1321 2946 1429 3013 etiam

229 3061 318 3117 vero
338 3041 376 3116 dt
395 3041 531 3132 simile,
560 3042 655 3138 quod
673 3039 709 3118 S.
730 3043 931 3140 Stephanus
950 3042 1149 3141 Principum
1176 3039 1336 3133 aliorum,
1353 3065 1429 3137 po-

228 3144 462 3242 pulorumque
480 3183 533 3198 -
555 3147 725 3240 imprimis
749 3145 964 3219 mancorum
981 3184 1032 3198 -·-
1051 3147 1238 3243 exemplo,
1265 3164 1429 3242 proven-

193 3257 196 3262 '
229 3258 286 3320 tus
314 3245 550 3336 Fodinarum,
578 3269 621 3318 ac
647 3245 860 3319 Minerarum
894 3247 960 3318 sibi
984 3253 1151 3341 proprios
1178 3247 1316 3320 feccrit.
1356 3245 1428 3332 Sed

229 3346 320 3420 haec
337 3359 513 3442 utcunque
543 3368 583 3420 se
608 3347 815 3437 habuerint,
842 3347 878 3419 id
896 3346 1035 3441 quidem
1063 3357 1196 3422 eertum
1222 3355 1301 3437 ost,
1327 3348 1426 3421 vole

230 3449 410 3546 plerisque
438 3458 679 3522 montanorum
708 3449 917 3538 (imitatum,
956 3449 1242 3547 Oppidorumquc
1270 3447 1426 3524 Pririio-

231 3554 313 3646 giis‚
331 3551 414 3625 iude
432 3574 452 3623 a
472 3551 613 3648 Geysae
636 3551 693 3642 11„
712 3552 820 3625 Belao
839 3550 899 3623 111.
920 3553 1203 3646 atqqundrooe
1221 3551 1264 3624 11.
1284 3560 1427 3648 tompo-

231 3653 352 3743 ribus‚
379 3675 443 3748 par
457 3653 578 3746 Reges
605 3656 686 3727 aevi
710 3654 803 3728 illius
821 3654 885 3725 Jus
903 3655 939 3726 in
967 3653 1085 3727 fundis
1104 3657 1252 3751 privatis
1271 3656 1423 3725 minores

232 3754 373 3827 colendi
392 3751 548 3824 conferri
567 3758 814 3830 consuevisse.
828 3755 926 3842 Quae
943 3777 1002 3828 res
1021 3779 1087 3852 pro
1107 3777 1147 3830 sc
1166 3760 1243 3852 ipsa
1261 3754 1426 3826 idoneum

231 3855 335 3928 nohis
353 3851 499 3950 praebet
517 3867 783 3947 argumentum,
812 3856 1085 3932 mctallifodinas
1113 3861 1149 3928 in
1167 3857 1338 3949 regalium
1356 3875 1428 3946 go-

232 3977 332 4032 nere·
348 3956 430 4030 olim
456 3976 599 4052 quoque
623 3955 737 4034 fuisse
765 3967 990 4050 numeratas,
1028 3978 1115 4055 quas
1144 3957 1301 4055 alioquin
1325 3957 1428 4048 leges

231 4101 436 4118 m

264 4176 289 4236 Ι)
307 4174 386 4226 tros.
405 4170 447 4225 14.

264 4255 295 4324 b)
314 4255 392 4314 1741.
409 4255 452 4313 31.

266 4339 292 4408 ⁰)
309 4346 353 4398 lte
369 4343 466 4398 morib.
482 4342 645 4398 suammet.
663 4342 694 4398 0.
711 4344 808 4398 xant.
