3122 4852
1299 256 1370 330 167

256 422 334 486 nio.
366 457 405 471 -
435 416 599 484 Posterius
642 419 836 492 Mouasterio
868 417 1108 500 Kompoldiensi
1141 421 1364 486 Tributum

231 504 946 586 ¹concedittalitervldelicetquod
970 506 1368 585 dequchetcurru

256 593 433 654 salilerc
464 610 577 655 ιιιιιιιιι
608 591 685 667 sal,
727 600 763 653 et
796 595 840 653 de
872 610 1118 665 succursu,
1153 594 1217 671 qui
1249 597 1362 656 mdsa

254 687 441 750 vocatur,
476 697 591 740 unum
622 679 797 759 pondus,
832 680 936 740 etde
970 695 1047 742 una
1076 677 1361 760 Tuuella(va-

253 762 361 846 sculo)
387 761 470 823 vini
495 764 592 826 duos
618 764 812 824 denarios
841 762 880 826 in
906 771 1142 842 perpetuam
1167 764 1363 828 elemosi-

252 867 333 912 nam
357 847 805 928 fflssveredebeantper
848 847 989 910 ViHam
1013 847 1364 928 Kompoldtrans-

251 941 393 997 euntes
416 941 473 996 etc.
512 935 653 998 Eundem
676 935 890 1014 promiscuum
908 933 1116 1018 significatum
1133 935 1252 1046 etium
1243 955 1275 997 m
1293 935 1362 1054 lle-

252 1021 345 1122 oretis
367 1019 552 1087 Mathiael
577 1021 789 1159 deprehendes
806 1021 849 1104 ·.)
1368 1049 1371 1055 ·

578 1273 579 1278 i
684 1211 721 1299 §.
750 1212 835 1284 602.

514 1361 610 1434 Olim
629 1359 830 1434 admodum
848 1367 1003 1434 core'om.

264 1507 496 1582 successerat
521 1508 668 1582 subinde
698 1508 890 1580 liberorum
919 1509 1144 1580 denariorum
1168 1511 1361 1601 exactioni,

164 1611 228 1684 sub
245 1610 389 1684 Andrea
416 1610 459 1682 Il.
490 1619 667 1706 utcunque
687 1609 839 1683 abolitae
869 1610 928 1701 ¹³),
956 1634 1050 1684 nova
1079 1647 1130 1664 —-
1147 1620 1186 1682 ut
1201 1633 1258 1682 me
1278 1613 1360 1686 stilo

157 1716 244 1784 aevi
261 1711 355 1786 illius
384 1716 575 1808 exprimam
600 1750 653 1766 -
671 1713 865 1800 collectae,
900 1722 1167 1808 proventusque
1195 1710 1361 1786 Coronae

163 1816 326 1908 species,
361 1814 508 1886 Lucri
538 1814 761 1888 Gamerae
791 1816 914 1903 titulo,
950 1819 1065 1886 sarius
1093 1836 1183 1886 vero
1213 1811 1361 1888 Contri-

162 1915 390 2008 butiopipso
418 1939 559 2009 quoque
587 1921 729 1990 nomine
748 1916 934 1987 hodiedum
961 1915 1174 2008 perdurant-e
1201 1918 1360 1990 invaluit.

161 2015 334 2109 Reliquos
351 2015 569 2109 multiplices
599 2015 807 2088 tributorum
837 2016 982 2102 titulos,
1024 2037 1172 2107 quorum
1200 2019 1360 2092 nonnulli

163 2139 210 2188 ex
239 2119 428 2188 occasione
458 2117 636 2212 adoptati,
665 2140 706 2188 ac
733 2116 939 2211 plerumque
969 2115 1061 2186 haud
1087 2116 1239 2190 diuturni
1268 2121 1358 2193 adeo
1414 2141 1417 2146 ’

160 2220 331 2312 temporis
365 2218 524 2306 luerent
564 2218 679 2290 dedita
713 2239 823 2313 opera
851 2216 1163 2312 praetergredior3
1199 2221 1360 2313 proderit

161 2330 277 2391 tamen
302 2320 362 2391 vel
389 2319 433 2391 ad
460 2321 688 2410 hodiernam,
717 2321 760 2390 de
780 2342 849 2414 qua
874 2319 957 2392 mihi
975 2323 1121 2414 proprie
1146 2319 1359 2416 loquendum

161 2424 250 2510 erit
278 2443 353 2493 rem
389 2423 605 2496 tributariam
633 2423 738 2494 Lucri
775 2418 946 2518 Gamerae
983 2425 1165 2494 notionem
1197 2425 1356 2516 nonnihil
1423 2476 1425 2480 .

15 2547 17 2552 ¹
114 2571 117 2577 ·
161 2473 345 2595 evolvere.

687 2673 723 2758 §.
753 2671 839 2744 603.

374 2819 449 2892 Udo
467 2800 594 2912 premo
619 2821 742 2893 Lucre
768 2821 951 2894 Camenae
977 2827 1147 2895 mentm?

260 2965 408 3038 Primam
427 2965 531 3036 hereri
550 2961 718 3036 Gamerae
744 2951 958 3036 mentionem
980 2965 1171 3040 Decretum
1190 2969 1358 3076 Andreae

159 3068 338 3160 posterius
358 3067 454 3154 facit
484 3065 979 3154 Codieembaudingressum
1011 3069 1056 3156 ⁰,)
1085 3093 1153 3164 quc
1185 3092 1351 3166 spop-on

160 3166 278 3238 derat:
310 3170 381 3257 „Se
408 3165 537 3239 nullam
557 3167 758 3253 collectam,
778 3165 907 3236 nullam
927 3171 1153 3243 exactionem
1171 3194 1239 3242 nec
1266 3173 1353 3244 Lu-

160 3290 303 3388 ᾖιιιιιιιι
349 3266 566 3340 Gamerae
611 3289 821 3363 quocunque
858 3288 1004 3339 numero
1042 3275 1159 3366 possit
1195 3281 1348 3363 censeri,

159 3372 373 3464 „occasione
393 3370 507 3464 aliqua
526 3391 634 3462 super
654 3369 815 3440 homines
834 3371 1075 3466 cujuscunque
1095 3378 1261 3463 nationis,
1294 3377 1356 3450 vel

160 3472 395 3564 „conditionis
435 3470 555 3564 colligi
594 3471 790 3559 facturum,
830 3475 990 3566 exceptis
1027 3477 1094 3564 iis,
1143 3481 1200 3570 qui
1243 3477 1348 3551 Flsoo

159 3573 296 3666 „Regio
334 3578 370 3644 in
406 3593 515 3644 censu
550 3573 750 3643 tenentur.“
797 3569 868 3644 Sed
902 3575 1096 3646 institutum
1126 3577 1244 3674 ipsum
1280 3590 1350 3652 tem
1427 3663 1428 3666 Ἴ
1523 3653 1525 3658 .

156 3675 268 3747 relate
290 3674 333 3746 ad
360 3673 494 3746 classes
514 3675 720 3763 incolarum,
739 3673 820 3744 huic
837 3693 950 3770 penso
972 3671 1218 3800 obnoxiorum,
1248 3693 1351 3776 quam

158 3780 250 3847 circa
271 3798 458 3863 summam,
498 3798 542 3847 eo
561 3775 660 3848 titulo
693 3775 963 3871 praestandam,
1008 3784 1150 3854 nonnisi
1186 3783 1249 3854 sub
1275 3782 1351 3856 Ca-

157 3871 279 3949 rolol
300 3901 347 3952 ex
372 3876 540 3974 professo
570 3876 825 3971 quodammodo
856 3877 1065 4016 coagulatum,
1087 3886 1129 3954 in
1145 3884 1263 3978 legem
1279 3907 1351 3980 pu-

153 3977 280 4106 blicam
299 3981 383 4052 abiit
412 3975 457 4069 ³.)

185 4147 210 4208 ·)
229 4100 365 4200 11131.
326 4151 373 4204 td.
385 4173 416 4186 -
436 4146 518 4208 1186.
534 4149 578 4202 35.

130 4270 133 4278 ,
184 4231 213 4290 b)
232 4233 301 4284 Vide
320 4236 387 4286 Deo.
407 4234 514 4289 ltentld.
529 4251 578 4302 per
596 4249 639 4290 ms
657 4237 701 4290 cit.
722 4241 755 4292 A.
775 4241 852 4295 1231.
870 4241 897 4292 6.

185 4317 210 4382 ⁰)
230 4322 289 4370 Art.
305 4320 374 4384 paul.
393 4325 447 4372 ant.
465 4321 510 4373 olt.
529 4308 598 4376 conl.
617 4326 775 4380 Keraunion
794 4328 870 4383 Vesl.
890 4317 988 4382 comit.
1008 4339 1037 4392 ps
1054 4321 1114 4381 104·

140 4477 141 4480 Ἰ
185 4403 211 4475 t)
230 4403 308 4463 1³42.
326 4406 368 4462 le.
387 4411 416 4462 st
433 4407 555 4476 rsdquls.
993 4448 995 4452 -
