3094 4868
189 253 371 368 rso,¹

186 426 369 518 utriusque
388 426 627 498 consensione
650 423 745 514 fieri,
775 442 912 516 quaeve
942 423 1155 494 mutationes
1178 421 1249 496 vel·
1266 423 1390 496 inter-

186 531 405 620 pretationes
423 529 540 614 locum
559 531 680 600 sortiri
711 535 861 622 queant3
909 523 990 617 quid
1018 527 1140 618 exigat
1174 525 1389 620 Diplomatis

185 631 401 723 inauguralis
422 633 676 718 sanctimonia,
705 628 787 725 quid
806 626 956 719 denique
975 625 1098 699 horum
1118 628 1181 699 sub
1202 628 1323 700 obtutu
1345 631 1383 700 8.

185 727 353 804 articulus
382 733 477 803 Anni
501 735 605 805 1741.
627 739 854 828 praecautum
872 723 1041 821 voluerit,
1070 733 1144 802 suis
1162 730 1291 826 ubique
1319 732 1385 802 lo-

156 885 159 890 ·
189 839 239 908 cis
262 845 419 908 notatum
439 845 504 908 ast.
779 847 781 850 ·
883 869 885 874 ·
1207 865 1210 872 ·

734 984 854 1058 ecs.
965 1011 967 1016 ,
1048 1009 1051 1016 ·

523 984 731 1184 Artacana?
740 1109 797 1182 12.
826 1111 929 1182 nene
951 1109 1057 1182 1791.

244 1275 246 1280 ·
289 1233 366 1307 Nee
383 1231 540 1308 movebit
558 1233 644 1306 illud
667 1235 864 1330 quempiam
891 1235 926 1307 in
948 1232 1175 1324 eontrarium,
1203 1231 1298 1327 quod
1324 1231 1386 1306 le-

188 1359 269 1430 gem
297 1337 463 1410 disertam
485 1335 688 1426 babeamus,
709 1359 857 1432 eamque
876 1335 1184 1425 fundamentalem,
1205 1357 1295 1431 quae
1313 1355 1386 1430 pe-

189 1450 353 1512 testatem
376 1439 494 1532 legum
531 1437 754 1512 ferendarum
783 1438 933 1532 Regi,
972 1437 1296 1526 aestatibus,
1341 1445 1388 1508 et

189 1539 449 1614 Ordinibus
475 1541 642 1634 Regni,
683 1541 735 1614 ad
774 1535 975 1614 Comitia
1011 1541 1235 1634 legitima
1273 1561 1386 1610 con-

59 1715 61 1720 .
189 1642 460 1714 fluentibus
488 1664 770 1714 communem
797 1643 928 1732 edixit,
964 1642 1126 1714 simodo
1156 1641 1317 1714 reflectat
1343 1639 1393 1734 ad·

191 1765 333 1816 sensum
351 1748 481 1833 veteri,
509 1754 545 1815 et
571 1748 686 1816 nostri
712 1766 854 1839 quoque
879 1747 1049 1838 temporis
1079 1747 1115 1816 in
1144 1743 1301 1816 ferendis
1327 1742 1387 1812 lc-

129 1914 131 1919 .
189 1846 292 1938 gibus
310 1849 390 1918 usui
418 1856 540 1940 aperte
573 1857 849 1940 congruentem,
887 1836 985 1940 'quod
1013 1847 1094 1918 illae
1122 1868 1249 1940 nempe
1277 1865 1388 1916 accc-

189 1947 294 2020 dente
313 1950 456 2020 nonnisi
489 1950 672 2043 utriusque
701 1947 941 2020 consensione
973 1949 1065 2043 apud
1092 1947 1288 2020 noscendi
1315 1969 1388 2018 va-

188 2049 297 2139 lcant,
325 2053 407 2143 quin
426 2057 617 2146 propterea
645 2072 717 2146 non
736 2051 815 2124 eum
834 2055 946 2146 ipsum
971 2053 1168 2146 Principem
1194 2050 1388 2142 legitimum

189 2152 431 2248 legislatorem
460 2173 648 2245 agnoscas,
685 2154 785 2243 cujus
815 2156 1023 2226 auctoritate
1041 2153 1195 2224 Decreta
1225 2153 1387 2224 sanctio-

191 2277 270 2326 nem
291 2257 476 2348 recipiunt,
505 2254 569 2327 sub
598 2256 699 2343 eujus
726 2258 867 2328 nomine
897 2256 1058 2345 eduntur,
1095 2265 1201 2350 atque
1225 2253 1387 2349 promul-

191 2367 341 2449 gantur3
370 2367 405 2428 et
434 2359 493 2452 qui
519 2379 609 2430 unus
627 2357 711 2429 Jura
727 2356 926 2446 illajestatis
939 2361 1061 2428 omnia
1083 2379 1148 2429 suo
1166 2359 1307 2428 nomine
1327 2357 1388 2424 in-

193 2457 434 2552 dependenter
454 2458 497 2530 ab
525 2459 669 2532 alterius
699 2459 902 2553 Superioris
930 2457 1073 2532 arbitrio
1105 2468 1262 2531 exercet.
1291 2454 1387 2528 Cne-

191 2571 316 2648 terum,
344 2569 383 2630 ut
410 2563 564 2652 ingenue
592 2559 718 2651 fatear,
747 2561 842 2654 quod
861 2564 1000 2648 sentio,
1028 2571 1242 2656 potestatem
1270 2559 1388 2650 legum

191 2660 415 2734 ferendarum
441 2662 561 2735 Status
588 2664 701 2752 inter,
743 2687 785 2734 ac
808 2664 944 2757 Regem
972 2685 1191 2735 communem
1219 2662 1412 2748 dicamus,
1543 2681 1544 2744 ξ

192 2773 250 2835 aut
272 2763 352 2834 huic
377 2762 502 2856 solum,
522 2775 696 2857 tamquam
715 2768 942 2838 essentialem
960 2776 1096 2860 partem
1114 2765 1228 2836 civilis
1247 2762 1389 2856 Imperii

191 2867 382 2960 propriam,
412 2885 553 2961 semper
577 2866 801 2940 nibilominus
829 2872 864 2941 in
885 2867 1042 2960 legitimo
1064 2868 1180 2958 Regni
1200 2863 1388 2936 Conventu

193 2965 442 3056 exercendam,
481 2977 517 3038 et
545 2966 589 3039 ad
616 2989 830 3042 consensum
861 2969 1019 3045 Statuum
1044 2971 1244 3044 restrictam
1280 2963 1387 3040 video

141 3103 142 3106 ¹
191 3067 421 3142 theoreticam
452 3091 549 3143 mere
590 3069 822 3145 differentiam
864 3072 1052 3147 involvere
1089 3073 1230 3168 potius,
1286 3090 1389 3161 quam

191 3173 365 3267 practices
395 3171 560 3266 sequelae
594 3176 791 3264 innectere,
819 3197 888 3246 nec
905 3177 1084 3269 perspicio
1114 3177 1214 3260 satis,
1242 3169 1323 3268 quid
1344 3169 1390 3240 ad

191 3276 490 3368 praerogativam,
518 3285 578 3363 aut
595 3274 794 3346 libertatem
811 3274 927 3368 Regni
947 3278 1097 3364 intersit,
1127 3273 1273 3344 alteram
1301 3293 1389 3366 prae

192 3375 303 3446 altera
321 3380 531 3448 sententiam
552 3379 666 3465 tucri3
683 3376 869 3473 utrobique
891 3379 983 3449 enim
1003 3399 1129 3451 verum
1145 3383 1277 3465 manet,
1295 3371 1390 3468 quod

144 3558 146 3562 ¹
192 3475 412 3548 Verbdccius
444 3477 584 3551 tradidit
614 3479 657 3568 ³).
701 3477 777 3570 ,Et
805 3483 873 3553 sic
907 3490 1078 3576 postea
1104 3480 1259 3570 Reges
1293 3477 1389 3571 ipsi

194 3588 503 3672 „convocato,
541 3582 912 3672 interrogatove
947 3581 1117 3677 populo
1152 3581 1390 3652 eonstitu-

83 3751 85 3755 .
193 3678 1470 3778 ,tioncsfacerecoeperuntproutet'temporibus¹

138 3799 158 3854 ,·
195 3785 405 3873 „nostrIs
434 3782 552 3854 ficri
580 3783 867 3858 consuevit“
896 3809 1034 3879 quaeve
1061 3783 1195 3858 bisillc
1222 3780 1388 3854 demo'do

192 3884 294 3976 leges
313 3883 405 3978 apud
432 3905 498 3957 nos
518 3884 655 3957 ferendi
675 3887 863 3960 confestim
890 3888 1049 3979 subjecit.

719 4013 755 4098 ἓ.
785 4013 869 4084 646.

368 4137 523 4206 Surnmo
550 4142 654 4234 repis
681 4143 840 4228 inaperta
869 4159 947 4210 non
975 4139 1206 4211 adversarer.
1235 4205 1237 4209 .

296 4254 405 4329 Error
426 4259 587 4355 profecto
615 4259 821 4335 manifestus
861 4261 999 4334 illorum
1027 4273 1104 4356 est,
1141 4267 1200 4360 qni
1224 4255 1391 4355 putabant

193 4377 398 4389 *—

226 4415 610 4488 annuaea,'
