3146 4864
1332 279 1382 355 27

184 454 239 516 ter
253 443 326 535 jam
355 444 569 518 nominatum
601 443 880 541 cancellarium,
907 426 1114 539 Praelatus,
1142 447 1380 538 secretarius,

186 547 465 636 Thesaararius,
492 546 692 639 Heroldus,
721 559 757 621 et
776 550 919 642 Scriba,
947 575 1012 624 seu
1032 547 1256 637 Cancellista,
1284 571 1381 643 quo-

186 671 264 720 rum
280 669 444 738 munera,
471 660 577 746 prout
604 659 641 722 et
664 655 785 727 varias
812 655 880 725 huc
906 657 1127 750 pertinentes
1156 654 1380 740 cerimonias,

185 750 435 848 Sodaliumqne
459 756 750 848 praerogativas,
778 758 934 852 alioquin
963 755 1044 828 alibi
1063 777 1110 852 en
1126 751 1294 851 professo
1314 752 1383 824 de-

188 853 312 928 ductas
342 853 397 948 ⁸),
431 855 669 930 transcribere
698 857 898 955 compendii
925 879 1033 933 causa
1058 856 1380 956 praetermittimus.

706 1061 744 1150 ς.
773 1061 859 1139 362.

430 1210 529 1301 Quid
550 1217 705 1288 nomana
730 1215 836 1289 Fisci
857 1218 973 1309 Repo·
994 1222 1145 1292 veniat?

290 1359 506 1452 Thesaurus,
533 1358 656 1452 Bona,
683 1361 838 1458 luraque
865 1367 986 1460 regia,
1014 1364 1078 1439 sub
1100 1365 1314 1455 directione,
1343 1389 1385 1437 ac

187 1467 370 1559 vigilantia
391 1463 560 1538 Gamerae
578 1464 715 1558 Regiae
745 1466 946 1559 Hungarico
975 1468 1123 1540 Aulicae
1150 1471 1286 1565 posita,
1314 1491 1383 1540 una

188 1589 364 1664 persaepe
382 1569 477 1641 Fisci
494 1568 600 1662 Regii
619 1567 890 1663 compellatione
909 1571 1110 1665 promiscue
1134 1575 1382 1657 enunciantnr3

190 1672 367 1744 ordinarie
393 1682 509 1744 tamen
534 1669 603 1742 hoc
626 1676 768 1743 nomine
795 1671 917 1743 horum
938 1676 1088 1747 omnium
1116 1695 1235 1744 coram
1250 1672 1383 1762 judicio

190 1773 359 1846 defensor
370 1825 391 1863 ,.
408 1784 444 1846 et
461 1771 595 1846 vindex
613 1773 792 1867 designari
815 1775 928 1865 solet,
957 1798 1061 1872 quem
1088 1776 1174 1849 alias
1205 1772 1386 1849 Causa-

188 1897 285 1947 rum
311 1875 560 1967 Regalium
587 1875 903 1967 Directorem,
943 1887 986 1949 et
1023 1878 1205 1952 Sacrae
1233 1877 1385 1970 Regni

189 1975 407 2048 Coronae
432 1975 673 2047 Fiscalem
698 1979 927 2050 nominamus.
957 1977 1047 2051 Sunt
1076 1979 1215 2073 quidem
1235 1989 1270 2050 et
1305 1979 1385 2050 huic

188 2087 259 2148 tam
276 2075 391 2148 relate
417 2075 462 2148 ad
484 2075 570 2147 tura
596 2071 762 2149 Coronae
780 2077 929 2166 tuenda,
959 2101 1061 2173 quam
1088 2084 1124 2152 in
1150 2079 1385 2170 vindicandis,

190 2177 284 2273 qnod
302 2177 415 2250 eidem
430 2182 564 2274 pariter
581 2174 760 2267 incumbit,
779 2179 1002 2272 gravioribus
1020 2181 1176 2254 reatibus
1193 2181 1384 2274 singularia

188 2281 280 2376 legis
307 2279 501 2369 beneficia,
540 2280 604 2352 sed
632 2283 700 2354 ista
728 2280 889 2354 Officium
917 2286 1133 2380 respiciunt,
1168 2283 1253 2355 Jura
1281 2305 1385 2374 vero,

189 2405 279 2478 quoe
308 2382 372 2455 suh
405 2383 499 2456 Fisci
527 2382 632 2478 Regii
660 2388 801 2457 nomine
829 2385 966 2481 Regem
994 2387 1128 2460 directe
1154 2395 1384 2475 concernunt,

187 2485 309 2562 Eidem
326 2486 387 2560 vel
406 2508 426 2557 e
446 2491 689 2578 successione,
707 2489 768 2562 vel
786 2510 807 2561 e
826 2500 924 2564 certo
946 2489 1152 2565 delictorum
1166 2488 1386 2586 publicorum

188 2609 324 2683 genere
351 2599 577 2664 enascuntur.

714 2795 751 2880 ὅ.
781 2795 866 2868 363.

497 2947 594 3018 Joro
619 2945 725 3019 Fisci
750 2967 799 3018 es
824 2947 1083 3022 Successz'one.

292 3091 395 3168 Circa
435 3093 708 3170 successionem
741 3094 834 3167 Fisci
860 3097 984 3189 regula
1013 3096 1192 3191 generalis
1220 3101 1255 3170 in
1284 3099 1387 3173 lluu-

188 3200 288 3292 garia
306 3195 458 3269 obtinet:
487 3195 674 3268 deliciante
700 3194 875 3287 haerede,
904 3222 1007 3293 quem
1033 3200 1115 3291 lex,
1142 3202 1203 3274 vel
1233 3200 1386 3274 validum

187 3308 436 3372 testamentum
455 3298 719 3388 demonstrent,
747 3299 887 3373 Fiscum
905 3324 970 3396 pro
989 3302 1091 3396 Rege
1111 3303 1317 3377 succedere.
1347 3304 1387 3377 ld

188 3407 293 3476 etiam
312 3401 457 3474 totidem
478 3400 599 3471 verbis
624 3402 849 3494 Tripartitum
873 3412 1024 3478 testatur
1047 3403 1102 3498 ⁴⁵).
1136 3406 1175 3479 ln
1193 3407 1296 3480 honis
1315 3429 1387 3483 nc-

188 3507 353 3592 minatim,
380 3524 445 3599 per
474 3504 609 3594 regiam
636 3500 862 3573 donationem
881 3504 1039 3592 collatis,
1068 3511 1227 3603 quisquis
1245 3509 1385 3579 libero-

186 3629 262 3678 rum
282 3605 452 3679 solamine
480 3613 596 3694 caret,
624 3611 659 3676 et
683 3602 800 3677 nullos
820 3607 925 3675 etiam
944 3617 1116 3698 agnatos,
1145 3618 1181 3679 et
1210 3619 1383 3702 cognatos

71 3729 73 3733 ·
187 3709 309 3798 habet,
345 3711 403 3803 qui
430 3747 481 3759 —-
512 3727 577 3802 pro
609 3705 728 3776 indole
756 3705 929 3779 bonorum
956 3709 1132 3783 masculos
1164 3711 1297 3802 solum,
1323 3711 1384 3784 vel

92 3831 100 3848 ⁸
186 3821 372 3906 utrumque
402 3829 526 3884 sexum
555 3805 843 3883 concernentium
880 3849 931 3862 --
968 3817 1165 3885 necessarii
1211 3813 1385 3886 haeredes

188 3913 325 4004 forent,
352 3912 490 4007 Regem
517 3931 769 4008 successorem
790 3916 1016 3986 nanciscitur.
1046 3913 1165 3988 Latius
1191 3915 1304 3986 adhuc
1321 3915 1384 3986 lus

187 4016 684 4109 istudsuocendendiPrinoipi
695 4018 867 4108 exsurgit,
877 4017 993 4110 quoad
1004 4015 1231 4090 substantiam
1241 4016 1385 4113 proprio

187 4129 298 4191 marte
317 4121 522 4213 acquisitam
542 4119 619 4192 sine
637 4116 767 4190 ultimis
781 4119 976 4192 'voluntatis
990 4119 1116 4208 tabulis
1130 4118 1385 4212 decedentium,

186 4222 282 4293 illurn
301 4223 393 4292 enim
421 4225 457 4293 in
483 4229 648 4295 eventum
678 4242 746 4291 nee
772 4243 1019 4315 germanorum
1038 4223 1210 4316 quidem,
1239 4233 1298 4295 aut
1317 4246 1386 4295 eo-

216 4407 241 4472 a)
259 4411 290 4530 lla
306 4409 378 4532 pitpt.
398 4411 618 4464 coustitutloalb.
639 4412 751 4466 Ordinis
768 4413 849 4467 etlam
865 4413 936 4480 typis
955 4413 1072 4470 vindob.
1086 4414 1231 4486 evulgatis,
1250 4411 1381 4468 Δο1763.

276 4495 292 4531 u
323 4495 385 4535 cro.
