3158 4864
1255 349 1259 355 ·
1277 312 1349 386 145

236 490 327 553 „sam
350 473 409 535 sub
439 489 498 534 sua
517 467 738 556 jurisdictione
767 470 957 552 episcopali,
991 479 1044 536 aut
1069 471 1138 536 loco
1159 475 1350 542 residentiae

236 577 334 638 „suae
360 557 515 634 babuerit,
544 577 581 620 ex
599 564 672 620 tunc
690 559 770 620 idem
785 558 962 640 Episcopus
992 558 1025 626 in
1050 556 1214 624 Conventa
1235 562 1350 628 Domi·

236 664 368 724 „norum
395 643 630 718 Praelatorum‚
667 651 697 706 et
724 645 879 706 Beronum
904 664 963 724 pro
988 663 1045 708 sua
1065 664 1202 724 persona
1221 650 1352 728 propria

235 730 369 810 „locum‚
392 739 422 790 et
439 750 543 792 vocem
565 729 687 808 babeat,
717 729 840 792 nomine
864 739 966 792 autem
988 729 1128 811 Capituli
1145 731 1351 813 Praepositus

236 835 409 894 „unacum
435 815 580 897 capitulo
610 815 691 878 inter
722 816 908 898 Ragnioolas
938 817 1008 897 pari
1038 817 1158 932 ratione
1182 839 1291 898 ιιιιιιιιι,
1323 828 1353 883 et

236 899 453 986 „conjunctam
480 921 584 964 vocem
609 902 728 965 babeat
732 907 751 938 ‘
845 940 849 946 ι

149 989 207 1072 11)
231 989 364 1064 ,ΑιιιΙεὶ
383 1005 402 1049 e
421 987 547 1051 Corona
560 986 740 1069 Hungariac
760 985 926 1049 Delmatici
941 986 1232 1068 Episcopatus“-
1191 988 1354 1069 -inquit

229 1073 344 1138 Kolldr
373 1073 471 1155 ·)--
493 1093 576 1151 „non
604 1074 745 1154 occupati
772 1073 910 1149 ebullis,
943 1076 998 1136 sed
1024 1092 1180 1138 vacare
1214 1075 1350 1173 allega,

232 1168 285 1238 „et
307 1160 414 1248 Regno
438 1159 638 1240 pronunciabi
660 1168 748 1236 sunt,
791 1178 881 1238 quam
917 1160 957 1222 ob
978 1179 1043 1220 rem
1063 1161 1171 1224 eodem
1191 1156 1279 1223 illo
1268 1180 1352 1244 June,

232 1264 314 1325 „quo
331 1237 431 1326 Reges
457 1245 559 1307 nostri
576 1244 700 1306 titulum
728 1265 745 1306 a
769 1243 875 1324 Regno
895 1244 1069 1307 Dalmatiae
1097 1245 1212 1323 ierunt,
1238 1246 1349 1309 titulos

232 1330 347 1409 „etiam
372 1329 774 1404 nDalmaticisllcelesiis,
805 1329 931 1408 inques
952 1329 1013 1391 Jus
1041 1331 1229 1393 Patronatus
1259 1351 1351 1393 snum

170 1433 172 1440 ’
234 1415 392 1497 „legitime
405 1417 550 1490 retinent,
570 1375 804 1476 Ecclesiastilis
836 1417 904 1475 suis
925 1415 1067 1476 conferre
1087 1424 1231 1495 possunt,
1256 1416 1351 1478 simul
1456 1468 1461 1474 .

233 1510 284 1580 „ct
303 1500 563 1564 diirisdictionem
581 1517 713 1574 omnem,
738 1519 827 1579 qnam
844 1500 876 1560 bi
890 1509 977 1561 extra
997 1501 1184 1563 Dalmatiam
1206 1519 1351 1564 exercere

185 1635 188 1642 .
234 1587 370 1664 „aalma
392 1585 477 1658 Quae
500 1588 621 1646 demum
637 1586 774 1666 genuina
794 1603 889 1646 causa
903 1591 984 1660 est‚“
1005 1596 1154 1650 cur-ut
1167 1586 1349 1650 Cardinalis

233 1675 427 1737 Paemannus
454 1671 595 1751 loquitur
624 1671 656 1754 1’)
674 1705 717 1720 -
735 1670 957 1748 „titulatas
982 1667 1181 1753 Episcopi
1206 1673 1351 1737 nostri

238 1777 338 1838 „non
361 1756 447 1821 sint
469 1776 577 1820 mere
600 1756 834 1821 titulares.“

699 1919 706 1936 .
740 1869 822 1942 196.

438 1995 534 2066 Jora
551 1869 819 2076 baalitarum
838 1998 1059 2063 communale.

254 2115 556 2190 Commentaturus
574 2115 741 2189 hocloco
761 2120 904 2212 propria
915 2115 1157 2213 Praelatorum
1168 2112 1265 2204 dura,
1278 2137 1350 2188 non

151 2242 194 2292 ea
212 2241 427 2315 persequor,
455 2242 544 2315 quae
570 2219 655 2291 June
681 2215 936 2298 Ecclesiastico
953 2213 1021 2290 ¹seu
1050 2219 1243 2305 communi,
1271 2222 1349 2291 sive

149 2321 351 2415 Hungariec
370 2323 574 2416 particulari
594 2322 740 2394 eosdem
768 2325 983 2416 respiciam:
1013 2317 1107 2413 quod
1127 2322 1307 2412 posterius
1330 2341 1350 2388 a

9 2499 11 2512 ,
89 2501 91 2504 ,
150 2424 287 2516 legibus
314 2424 452 2515 Regni,
479 2423 541 2494 vel
568 2446 587 2494 e
614 2424 838 2518 Synodorum
856 2422 1083 2494 rationalium
1109 2417 1348 2492 Constitutio-

150 2525 253 2597 nibus
273 2524 463 2614 coaluisse,
485 2524 699 2596 clarissimus
735 2524 881 2595 condam
914 2523 1084 2595 llelemen
1116 2526 1185 2592 rite
1216 2521 1347 2592 obser-

149 2636 212 2699 vat
242 2627 287 2717 ⁰).
315 2623 453 2695 Habent
470 2635 658 2719 praeterea
677 2647 744 2719 qua
762 2624 973 2714 Praesides,
993 2636 1030 2696 et
1046 2623 1198 2695 Ministri
1216 2621 1349 2693 Eccle-

152 2731 281 2800 siarum
299 2729 414 2798 munia
434 2727 487 2798 sui
508 2724 640 2798 ordinis
668 2725 850 2814 obeunda,
870 2725 1020 2820 indeque
1041 2724 1217 2820 speciales
1236 2744 1350 2818 quas-

154 2829 229 2901 dam
258 2833 552 2926 praerogativas,
581 2851 671 2921 quae
700 2831 815 2900 omnia
839 2825 989 2899 ,alterius
1016 2826 1222 2921 disciplinae
1254 2836 1346 2898 sunt.

151 2930 191 3001 In
211 2941 374 3026 quantum
393 2931 544 3024 denique
562 2932 715 3006 Praelati
733 2933 847 3004 nostri
866 2939 947 3000 ante
967 2951 1112 3018 annum,
1142 2951 1245 3024 quem
1270 2928 1351 2999 huic

152 3054 253 3110 mene
280 3033 516 3127 disquisitioni
540 3056 605 3128 pro
635 3038 785 3105 termino
814 3031 986 3127 praefixi,
1013 3032 1090 3127 pari
1110 3051 1252 3124 semper
1273 3049 1351 3100 oum

152 3133 297 3229 reliquis
325 3133 480 3208 Statibus
508 3134 623 3228 Regni
652 3135 830 3206 nobilitari
855 3133 1019 3204 libertate
1039 3131 1252 3224 gaudebant,
1281 3134 1351 3202 iis-

154 3235 231 3306 dem
255 3254 403 3330 prorsus
432 3235 534 3323 hujus
562 3235 754 3308 nobilitatis
784 3258 804 3307 e
833 3245 1000 3331 respectu
1023 3232 1186 3324 juribus,
1226 3230 1350 3326 quibus

152 3335 269 3429 Regni
286 3333 433 3406 Nobiles
460 3338 620 3410 universi
647 3337 874 3426 fruebantur,
903 3347 938 3408 et
967 3345 1046 3408 actu
1072 3334 1163 3406 bona
1192 3355 1255 3408 sua
1274 3356 1352 3405 cum

155 3438 328 3510 attributis
356 3435 559 3526 beneficiis,
583 3437 791 3530 juribusque
821 3458 934 3530 aeque
964 3459 984 3506 e
1020 3436 1210 3507 collatione
1238 3436 1352 3525 Regia

156 3549 279 3610 tenent
310 3535 357 3628 1),
384 3538 600 3632 eosdemque
628 3541 767 3613 ratione
784 3536 957 3614 bonorum
975 3534 1221 3632 temporalium
1239 3535 1352 3610 sorti-

155 3651 260 3712 untur
280 3637 420 3730 judices
451 3642 496 3731 ο).

223 3765 227 3773 ’
680 3744 715 3829 §.
747 3745 830 3816 197.

646 3843 848 3937 speciata.

260 3945 424 4043 Speciale
452 3945 568 4018 fuerat
595 3956 764 4019 tamen:
798 3944 895 4040 quod
931 3943 1086 4038 singillat
1073 3949 1133 4017 tim
1161 3942 1197 4011 in
1231 3939 1351 4034 Regni

148 4063 369 4080 Μ

186 4115 263 4214 {lm
281 4117 351 4168 Hist
371 4116 442 4182 Dlpl.
462 4118 523 4172 Jur.
541 4121 650 4171 Patron.
671 4119 766 4184 Apost.
786 4120 853 4181 Rea.
872 4120 963 4184 flung
982 4118 1008 4168 Ιιι
1028 4115 1150 4185 Appead.
1213 4114 1274 4168 271.

186 4174 477 4322 b)p)11717)isppo:eqdc
503 4189 555 4242 un
581 4191 672 4257 Epist.
697 4203 776 4254 quam
803 4189 876 4241 dedit
903 4187 1013 4258 Peteriy
1040 4187 1142 4241 conell.
1167 4131 1274 4252 11ιιιιε.ο
1276 4183 1306 4243 P·
1326 4185 1350 4255 1

188 4324 391 4390 1)Οιι.ιιΙιΙι
411 4326 665 4394 citwcdpild

189 4392 412 4456 1)..Ρ11112

189 4465 214 4530 )
232 4465 336 4520 Eodem
354 4467 404 4519 loc.
