3144 4860
1202 275 1211 292 ²
1292 243 1365 326 tot

257 413 356 494 ,‚itex,
377 447 418 462 -
441 411 504 478 ime
526 409 634 492 potius
657 411 854 490 ordinatum,
884 430 919 476 ae
941 412 1146 478 constitutum
1176 413 1370 495 temporibus

255 520 316 579 „ex
337 498 474 578 antiquis
503 497 662 576 praesenti
690 506 799 560 nostra
828 498 988 574 sanctione
1011 502 1161 562 duratura
1190 500 1370 580 perenniter

256 584 430 664 „Dominae
451 583 574 645 Mariae
604 583 786 646 carissimae
809 584 978 649 consortis
1003 585 1139 648 Nostrae
1161 605 1229 648 cum
1252 584 1378 649 volun-.

256 678 340 751 „tate
369 689 525 748 consona,
560 669 758 751 omniumque
781 670 945 733 ¹Beronum
978 679 1159 733 nostrorum
1190 670 1256 734 zelo
1286 670 1369 748 fidei,

255 755 485 837 „Ecclesiarum
509 757 704 820 commodum
727 757 948 834 affectantium,
971 756 1120 819 benevolo
1143 777 1212 818 enm
1235 775 1369 819 assensu

255 844 456 924 ‚‚brmamns,
479 840 645 916 vallamus,
669 850 699 904 et
720 842 982 925 irrefragabiliter
1002 844 1208 920 roboramus,
1230 850 1265 906 ut
1286 843 1369 905 siout

254 927 619 1010 „ipsaVeszprimiensis
627 927 769 991 Ecclesia
786 950 860 1011 prae
875 929 1007 992 caeteris
1022 929 1123 1012 Regni
1141 928 1244 991 nostri
1257 927 1368 992 Eccle-

255 1016 336 1096 „eiis
360 1015 532 1098 singularis
554 1015 719 1096 Privilegii
747 1017 966 1098 praerogativa
988 1017 1103 1078 meruit
1129 1015 1280 1094 obtinere,
1301 1015 1369 1077 Re-

256 1101 411 1184 „ginaiem
427 1100 653 1165 Gelaitndinem
677 1121 767 1164 sacro
783 1103 964 1166 Diademate
980 1102 1145 1184 insignire,
1168 1103 1214 1164 sie
1226 1103 1369 1184 ipsarum

226 1188 375 1269 ,Anias
399 1187 613 1251 Caneeliariae
636 1205 756 1250 annena
778 1191 839 1252 sibi
861 1190 1005 1267 realiter,
1030 1197 1061 1251 et
1086 1205 1238 1269 possessa
1259 1190 1370 1250 baete-

253 1293 336 1354 „nus
359 1275 544 1336 inconcusse
567 1293 637 1338 cum
659 1275 898 1356 quingentarum
920 1293 1093 1339 marearum
1122 1275 1238 1338 salario
1261 1277 1298 1336 de
1313 1293 1369 1336 re-

255 1361 434 1446 „ginalibns
458 1360 608 1422 solvendo
625 1362 779 1426 reditibus
795 1363 955 1426 annuatim
971 1362 1011 1423 ob
1028 1370 1090 1423 tam
1108 1360 1248 1424 solennis
1263 1360 1370 1423 Officii

254 1454 532 1528 ‚,eoneentaneam,
560 1455 590 1508 et
612 1447 833 1510 benemeritam
856 1447 1073 1528 repensionem
1096 1449 1231 1527 gaudere
1250 1445 1371 1522 debeat,

254 1544 307 1614 „et
336 1542 489 1615 perpetuo
517 1531 670 1614 gratulari
681 1536 711 1608 ‚“
742 1547 797 1596 ete.
830 1573 870 1590 -.-
904 1533 1042 1611 Cumque
1071 1530 1249 1595 labentibus
1279 1530 1370 1593 annia

254 1623 330 1684 baec
351 1621 571 1702 praerogativa
593 1640 650 1700 per
671 1619 824 1681 inenriarn'
846 1618 1077 1695 intercidisset,
1100 1638 1166 1680 eam
1189 1617 1370 1699 sigismun-

257 1710 316 1771 dus
339 1709 435 1770 Petro
459 1710 497 1769 de
518 1706 648 1787 Rozgon
669 1707 829 1784 Antistiti,
859 1706 921 1766 imo
949 1739 983 1751 —
1009 1711 1044 1766 ut
1066 1703 1111 1766 ait
1133 1737 1172 1750 —-
1196 1703 1369 1785 Episco-

255 1815 276 1874 p
288 1813 306 1857 a
319 1801 331 1854 t
343 1813 362 1854 u
375 1793 387 1856 i
420 1793 449 1854 V
461 1811 503 1855 es
516 1813 533 1854 z
545 1813 565 1874 p
578 1794 658 1856 rim
669 1793 682 1854 i
694 1811 710 1855 e
721 1811 742 1855 n
755 1811 770 1854 s
783 1794 794 1856 i
817 1791 940 1856 solenni
973 1789 1146 1875 Privilegio
1169 1791 1324 1855 mediante
1336 1790 1370 1875 ⁸)

255 1879 408 1943 restituit.

489 2130 610 2209 Antea
635 2010 833 2224 negocii?
859 2090 1053 2226 splendor.

252 2254 459 2332 ·Cacterum
479 2267 782 2353 quantamcunque
801 2261 1029 2332 mutationem
1047 2275 1188 2352 rerum,
1216 2265 1369 2358 tempe-

169 2382 316 2460 rumque
344 2369 494 2436 eventus
525 2361 592 2435 bac
618 2364 655 2434 in
681 2371 783 2458 parte
813 2362 1099 2454 secumtulerint,
1157 2372 1371 2438 nontamen

169 2467 274 2542 hodie
307 2474 499 2562 propterea
525 2467 637 2559 Regis
662 2464 842 2556 Consors,
871 2465 974 2540 simul
1003 2464 1213 2562 lrnpenatrix
1230 2467 1367 2540 Aulicis

170 2579 267 2643 earet
285 2569 506 2658 Ministcriis,
536 2591 635 2642 suum
666 2573 830 2665 praecise
858 2570 894 2640 in
914 2568 1123 2662 obsequium
1151 2569 1367 2659 constitutis,

170 2684 268 2769 puta:
304 2670 486 2766 Supremis
520 2672 635 2744 Aulae
663 2670 869 2759 Praefecto,
905 2679 942 2742 et
968 2670 1167 2764 Magistro,
1195 2669 1368 2743 Matronis

170 2778 303 2872 primae
324 2773 472 2864 (Damas
493 2773 537 2846 du
555 2775 690 2866 Paleis)
711 2773 902 2862 secundae,
931 2781 967 2844 et
985 2777 1111 2846 tertiae
1125 2809 1127 2812 ·
1142 2773 1367 2846 admissionis

172 2877 253 2973 (ooo
278 2879 400 2969 probeo
425 2877 490 2950 eat
521 2875 643 2949 statam
664 2873 986 2964 sammacssettitt)
1025 2875 1213 2953 herulabus
1243 2877 1366 2952 aulicis

172 2976 429 3076 (deciment)
450 2987 518 3053 etc.
551 2977 606 3070 ¹³),

379 3173 385 3185 ,
623 3095 784 3184 (eaput
807 3097 866 3167 V.

411 3268 414 3274 ·
518 3209 601 3294 ‘bc
627 3207 796 3292 Liberis
822 3206 992 3313 Regiis.

691 3337 727 3421 ὅ.
760 3340 842 3411 129.

601 3461 748 3534 Eorum
777 3461 927 3534 Titulus.

112 3664 115 3670 .
270 3589 419 3664 Liberos
454 3584 590 3679 Regios
626 3585 809 3678 utriusque
855 3603 963 3657 sexus
1007 3583 1364 3660 serenissimos

170 3695 346 3788 Regios
382 3688 747 3762 haereditarios
788 3685 1068 3780 Hungariae
1106 3687 1363 3783 Principes
1430 3713 1432 3718 ·

163 3799 258 3887 jure,
288 3805 324 3868 et
342 3796 466 3866 merito
488 3790 716 3887 adpellamus,
745 3792 804 3886 qni
831 3795 1029 3887 proximum
1048 3813 1068 3860 a
1086 3791 1244 3884 Regina,
1275 3811 1364 3862 eae-

90 3899 95 3903 ’
168 3901 254 3972 teris
276 3896 434 3972 omnibus
455 3898 677 3993 superiorem
695 3894 811 3966 locum
829 3904 973 3984 tenent3
1003 3897 1086 3989 quin
1105 3904 1221 3966 tamen
1238 3913 1304 3986 per
1324 3911 1364 3964 se

167 4012 301 4097 partem
320 4004 357 4072 in
376 3999 656 4072 administrandis
674 3996 781 4070 rebus
800 3998 905 4069 ullam
934 4000 1083 4098 capiant.
1112 3998 1218 4070 Aevo
1246 3994 1363 4067 medio

166 4105 289 4196 Filios,
309 4103 486 4198 Filiasque
505 4103 663 4196 Regum,
681 4102 815 4196 Regae,
835 4102 1063 4198 Reginasque
1081 4102 1264 4172 nominare
1291 4118 1364 4172 non

163 4228 498 4342 monimum
515 4283 585 4328 exet.
598 4278 624 4328 in
637 4279 709 4342 Pray
722 4277 831 4328 Hieran.
846 4277 936 4341 flung.
951 4278 982 4329 Ρ.
995 4272 1018 4327 Ι.
1039 4291 1066 4341 p.
1081 4271 1171 4334 tiit-

194 4343 224 4408 lr)
241 4347 573 4482 {tgbaictqalrbcffialcgustae
587 4344 620 4400 tm
637 4343 696 4414 tota
717 4347 765 4401 unt
781 4343 1012 4414 &tentassetis
1028 4346 1068 4400 bes
1089 4341 1167 4410 biert.
1184 4335 1361 4411 ttotirttittmes
