3124 4868
195 171 266 250 104

189 345 483 445 Arcbiepiscopis
507 345 730 434 Pdnmdnno,
763 343 948 441 Lippayo‚
983 351 1019 418 et
1046 343 1176 418 boneio
1205 348 1390 445 ampliora,

190 453 375 546 magisque
394 450 531 524 stabilia
551 451 843 521 nanciscerentur
860 451 1085 521 incrementa.
1106 448 1241 524 Primus
1261 457 1390 550 quippe

190 553 332 625 illorum
367 551 641 625 Universitatcm
676 551 982 646 Tynnaviensem,
1036 553 1216 642 assignata
1252 567 1392 644 centum

193 654 337 728 millium
366 655 593 729 rhenensium
624 653 727 742 dote,
764 652 980 747 vulgatoque
1010 655 1150 726 solenni
1187 654 1390 752 diplomate,

193 757 287 853 quod
304 756 545 844 Ferdinandus
580 756 623 829 11.
653 765 765 827 ratum
797 754 928 845 babuit,
956 777 1048 830 anno
1070 759 1179 832 1635.
1207 757 1392 850 fundavit,

190 862 415 958 posteriores
434 859 505 931 bini
524 860 740 931 dotationem
759 857 904 951 quilibet
930 859 967 928 in
995 862 1168 933 seorsivis
1195 863 1394 955 quindecim

193 962 345 1036 millibus
365 964 541 1057 augendo,
560 961 695 1032 durium
714 959 899 1031 cathedras
919 959 1096 1051 adjecere.
1116 960 1294 1057 Insignem
1304 964 1397 1038 banc

194 1066 232 1136 in
249 1065 399 1155 litteras,
427 1075 463 1137 et
480 1065 627 1163 patriam
653 1066 821 1160 pietatem
837 1061 1012 1134 Proceres
1041 1063 1099 1136 alii
1126 1069 1239 1157 sacri,
1266 1069 1352 1164 prof
1371 1108 1396 1122 -

194 1169 302 1262 nique
340 1167 495 1260 ordinis,
531 1167 662 1238 erectis
696 1163 852 1262 pluribus
880 1187 946 1260 per
980 1165 1142 1260 Regnum
1177 1169 1394 1262 Academiis,

198 1269 416 1365 Gymnasiis,
462 1280 498 1342 et
538 1271 720 1363 utriusque
756 1289 865 1340 sexus
903 1263 1175 1360 Contuberniis,
1220 1276 1396 1366 gratuitae

197 1375 420 1467 eg'entiorum
437 1371 652 1447 Institutioni
679 1370 935 1459 deservituris,
962 1373 1110 1464 egregie
1138 1395 1300 1468 prorsus
1315 1385 1397 1448 sunt

123 1467 127 1474 ’
196 1473 420 1572 aemulati*),
447 1496 589 1571 semper
617 1483 753 1562 tamen,
781 1473 877 1567 quod
894 1471 959 1545 ¹uel
988 1473 1093 1546 allata
1122 1497 1141 1544 a
1171 1479 1291 1571 primis
1319 1481 1398 1548 ini-

195 1580 254 1652 tiis
291 1581 327 1649 iu
356 1589 582 1673 praesentem
611 1586 762 1648 aetatem
789 1575 951 1669 exempla
979 1576 1224 1672 comprobant,
1259 1579 1398 1674 Regum

195 1680 259 1752 vel
277 1691 400 1776 aperta
418 1679 698 1768 confirmatione,
716 1676 777 1751 vel
805 1680 912 1748 tacito
942 1677 1135 1750 accedente
1154 1702 1345 1755 consensu.

239 1806 278 1890 l)
302 1804 354 1868 Sic
376 1823 451 1867 sane
475 1823 508 1866 se
532 1823 583 1866 res
607 1803 717 1864 babet:
742 1819 1013 1883 quorsumcunque
1033 1822 1238 1883 peromnem,
1263 1825 1322 1887 qua
1338 1806 1399 1868 late

283 1899 368 1973 patet
389 1889 585 1974 Hungariam
609 1889 717 1952 oculos
740 1887 1003 1967 circumferimus,
1025 1890 1160 1971 undique
1182 1892 1273 1955 nobis
1291 1901 1398 1973 pater-

192 2031 194 2036 .
281 1997 338 2041 nae
358 1976 485 2042 illorum
502 1977 534 2040 in
558 1977 758 2040 Juveututem
783 1973 1001 2040 scholasticam
1020 1995 1123 2053 curae,
1143 1979 1279 2058 undique
1300 1998 1398 2041 vcne-

283 2066 383 2129 rande
407 2065 438 2128 in
462 2063 685 2140 scientiarum,
719 2062 930 2144 bonarumque
952 2063 1066 2125 artium
1090 2064 1242 2127 culturam
1266 2084 1398 2147 promo-

285 2153 415 2216 vendam
446 2149 663 2214 benellcentiee
699 2162 897 2211 monumenta
931 2157 1107 2212 occurrunt.
1153 2151 1224 2213 Non
1256 2153 1398 2215 excedam

285 2246 394 2314 metas,
415 2238 574 2316 praesenti
597 2235 687 2316 operi
709 2235 932 2314 praestitutus,
956 2234 1049 2316 longa
1071 2235 1152 2298 serie
1176 2241 1399 2317 percensenda,

285 2331 361 2404 quot
382 2322 538 2386 milliones
561 2322 593 2384 in
616 2319 818 2383 sacerrimum
841 2319 922 2382 bunc
952 2317 1041 2382 finem
1072 2340 1241 2386 conversae
1266 2325 1398 2404 luerint;

286 2428 394 2470 verum
417 2427 560 2489 cuperem
583 2425 773 2486 consurgere
796 2404 930 2485 aliquem
954 2407 992 2468 ad
1011 2409 1220 2472 retundendas
1237 2409 1399 2473 Zoilorum

285 2497 507 2558 modernorum
530 2491 722 2567 calumnias,
756 2490 809 2570 qui
838 2510 896 2573 pro
927 2490 1109 2555 incessabili
1139 2513 1198 2557 suo
1231 2496 1400 2560 incertam

287 2581 412 2645 civium
438 2580 571 2642 classem
595 2578 680 2661 odio,
710 2575 929 2640 beneficiorum
966 2586 996 2641 et
1018 2581 1203 2659 retroactis,
1237 2591 1266 2644 et
1289 2602 1403 2646 reeen-

286 2667 422 2730 tioribus
445 2662 641 2745 temporibus
673 2663 807 2744 profusa
837 2663 928 2744 plane
960 2662 1147 2730 liberalitate
1170 2667 1202 2727 in
1225 2685 1314 2730 seros
1338 2686 1401 2747 po-

286 2760 389 2814 steros
413 2751 625 2813 derivatorum
648 2749 809 2812 recordari
834 2748 953 2811 nolunt.
976 2750 1077 2827 Atque
1099 2749 1161 2812 ists
1187 2750 1278 2829 plane
1303 2761 1402 2813 aetate

287 2845 402 2899 statum
427 2834 683 2908 ecclesiasticum,
708 2832 926 2912 etOptimstes
949 2835 1059 2895 acerbe
1083 2833 1209 2915 culpare
1235 2854 1297 2898 non
1320 2855 1402 2896 eru-

287 2923 427 3000 bescunt,
452 2940 512 3002 qua
534 2921 673 3004 Lyceum
697 2918 861 3001 Agriense,
887 2917 1028 2999 Quinque
1054 2917 1261 2997 Ecclesiense‚
1285 2923 1403 2984 Teme-

286 3009 402 3085 siease,
423 3017 530 3088 totque
553 3003 616 3070 alie
639 3025 707 3068 cum
731 3005 852 3068 Studiis
874 3005 1125 3085 Philosophicis,
1147 3015 1177 3068 et
1199 3006 1402 3089 Theologicis

286 3115 344 3176 per
364 3095 541 3176 Episcopus
573 3093 703 3155 lundata
725 3110 943 3166 numeramus3
973 3089 1034 3174 q'ua
1056 3092 1240 3156 Academiae
1266 3094 1402 3157 Militari

286 3182 506 3257 Ludoviceae,
536 3187 566 3242 et
588 3181 728 3242 eruditae
759 3178 966 3259 hungaricam
999 3186 1062 3239 turn
1086 3177 1199 3240 Museo
1220 3178 1401 3254 Nationali3

233 3263 235 3266 ’
289 3268 396 3330 multis
420 3267 551 3346 denique
576 3266 656 3326 varii
679 3265 803 3345 generis
827 3263 961 3343 publicis
984 3263 1159 3342 Institutis,
1182 3265 1402 3329 scholasticis-

258 3385 260 3390 ·
289 3375 346 3434 que
371 3352 538 3434 stipendiis
560 3351 653 3431 plura
675 3359 803 3413 centena
824 3350 923 3412 millia
945 3368 1094 3430 quaeso
1120 3369 1138 3410 e
1160 3352 1307 3430 quibus
1331 3371 1399 3432 po-

288 3439 499 3503 tossimum
529 3438 687 3517 impense,
710 3435 916 3516 sacrataque?
938 3440 1053 3500 recenti
1074 3438 1223 3499 memoria
1251 3446 1400 3500 tenemus.

292 3525 462 3588 Dixeris
506 3523 730 3607 ingratum,
775 3522 937 3584 dixeris
979 3542 1093 3586 omne
1127 3523 1284 3590 malum!
1320 3521 1401 3584 Vere
1451 3557 1455 3562 ·

292 3613 454 3675 Phaedrus
477 3611 630 3688 „sinistra
652 3627 731 3689 quos
752 3608 786 3669 in
808 3607 907 3671 lucem
930 3608 1049 3672 Natura
1071 3609 1199 3687 extulit,
1229 3627 1284 3672 nec
1307 3607 1402 3691 quid·
1433 3631 1435 3636 ·

293 3716 407 3777 „quem
430 3704 576 3777 possunt,
600 3695 664 3760 nisi
686 3693 831 3758 meliores
854 3699 1015 3774 carpere.“

726 3883 763 3970 §-
792 3884 878 3958 493.
919 3851 934 3950 J

208 4041 372 4117 Tandem
401 4051 495 4132 post
527 4040 660 4120 Aoum,
702 4037 989 4126 debitoremque
1023 4036 1230 4130 Augustos,
1275 4035 1403 4108 Marta

714 4162 901 4232 Tberosz’a.

310 4333 366 4407 Ex
392 4355 462 4431 quo
490 4333 630 4407 tandem
647 4330 838 4426 Hungarie,
853 4329 968 4404 Turca
985 4327 1079 4405 illius
1097 4325 1223 4404 linibus
1242 4327 1404 4426 depulso,
