3144 4860
742 437 750 454 .
780 385 837 458 37.

399 507 430 580 Α
457 508 623 599 Regibus
647 381 873 601 Hmlqariae
892 510 1124 602 possedetur.

271 653 358 725 Post
384 665 540 748 apertam
570 659 698 752 quippe
717 655 852 728 blariae
870 655 1064 730 Theresine
1091 655 1367 753 professionem,

167 755 316 853 publicis
334 758 643 830 constitutionibus
662 761 830 831 insertam
861 759 893 850 ⁸)
934 758 1053 853 „quod
1072 759 1368 856 Transilvauiam,

168 859 305 950 „veluti
332 857 376 928 ad
405 857 441 930 S.
460 857 579 953 Regni
607 859 808 954 Hungariae
837 858 1013 931 Coronam
1037 865 1272 954 pertinentem
1299 871 1369 932 tam

131 1009 132 1013 =
166 957 334 1051 „Eadem
354 959 706 1054 quamSuccessorcs
727 966 783 1034 sui
801 984 869 1057 qua
887 961 1008 1054 Reges
1022 960 1224 1055 Hungariae
1241 965 1367 1058 possi-

166 1059 335 1158 „debunt,
365 1071 401 1132 et
418 1063 685 1155 gubernabunt“
715 1065 795 1137 dein
813 1063 994 1136 Francisci
1012 1063 1176 1158 Nepotis,
1203 1068 1368 1138 meritum

165 1165 329 1235 arctioris
364 1163 467 1253 hujus
492 1186 606 1238 nexus
647 1166 795 1262 amplius
831 1164 1103 1238 elucubrandum
1139 1167 1367 1240 decernentis

165 1288 258 1338 anno
272 1264 406 1344 saeculi
423 1264 526 1355 hujus
544 1269 727 1359 trigesimo
748 1277 850 1340 sexto
869 1279 943 1339 tres
963 1268 1013 1338 illi
1032 1264 1238 1358 Comitatus,
1258 1268 1366 1362 paulo

166 1375 247 1438 ante
268 1369 509 1456 comemorati,
530 1367 646 1462 quoad
665 1379 789 1440 cuncta
802 1372 945 1459 negotia
964 1365 1107 1460 publica
1126 1371 1252 1462 Regno
1265 1368 1369 1441 Hun-

165 1471 287 1562 gariae
319 1468 561 1563 plenarie,
599 1479 643 1541 et
678 1468 992 1564 integraliter
1030 1491 1114 1563 pro
1147 1475 1369 1564 incorpo-

165 1575 280 1643 ratis
310 1571 620 1643 declarantur
651 1571 699 1663 bJ,
730 1575 831 1665 cujus
860 1574 895 1642 in
915 1570 1080 1641 ellectum
1109 1573 1369 1666 adinsequen-

164 1683 237 1746 tem.
253 1673 369 1765 Regni
382 1669 603 1746 Conveniam
614 1677 724 1768 regiis
745 1677 1008 1749 convocatoriis
1030 1672 1158 1747 litteris
1178 1693 1369 1770 suprano-

165 1779 286 1846 minati
304 1775 510 1865 Comitatus,
536 1787 575 1848 ut
594 1799 677 1850 suos
706 1799 771 1872 per
788 1775 947 1848 Nuncios
975 1788 1218 1870 compareant,
1246 1777 1370 1850 inviati

164 1875 318 1948 fuerunt.

734 2076 742 2093 .
772 2025 832 2096 38.

530 2024 730 2219 Littorale?
744 2151 1012 2239 Hnnanr'cum.
1093 2203 1098 2210 .

268 2294 399 2366 lterum
426 2292 536 2366 blarin
554 2293 725 2369 Theresia
752 2297 929 2390 Augusta,
958 2294 1120 2388 augendo
1149 2301 1365 2372 commercio
1429 2369 1432 2376 ,

167 2397 320 2494 provide
340 2401 488 2486 intenta,
507 2407 655 2470 tractum
675 2398 718 2469 ad
738 2395 915 2470 Croatiam
942 2400 1160 2486 maritimam,
1190 2407 1225 2468 et
1252 2396 1368 2496 aliqua

167 2503 223 2572 sui
240 2499 410 2594 particula
430 2498 473 2570 ed
491 2499 697 2571 Dalmatiam
712 2508 942 2594 spectantem,
970 2500 1051 2571 loca
1077 2498 1182 2571 facile
1211 2503 1368 2593 triginta,

167 2604 204 2671 in
222 2601 421 2674 distinctum
437 2600 480 2671 Α.
505 2603 612 2675 1776.
635 2606 756 2674 evexit
774 2603 997 2691 Districtum3
1025 2601 1154 2692 adjecit
1181 2609 1370 2697 praeterea
1448 2639 1449 2642 ¹

168 2713 342 2796 tamquam
371 2711 571 2798 separatum
589 2742 640 2755 --
657 2712 695 2773 ut
726 2702 838 2776 verba
866 2704 1114 2779 Resolutiorris
1139 2705 1201 2778 23·
1233 2703 1367 2798 Aprilis

171 2806 278 2898 1779.
302 2805 417 2876 editae
435 2812 625 2890 tenent-
645 2805 680 2878 S.
701 2804 817 2898 Regni
836 2805 1037 2900 Hungariae
1060 2805 1224 2880 Coronae
1253 2805 1368 2878 adne-

167 2929 253 2976 xum
273 2905 411 3001 Corpus
437 2904 624 2979 Civitatem
649 2905 1171 3001 Fluminensem-—aliquando
1198 2929 1311 3002 pagus
1331 2905 1370 2982 Sss

168 3007 296 3078 Viti-
308 3018 411 3103 atque
431 3017 500 3079 tam
518 3007 636 3100 hujus,
665 3032 768 3103 quam
786 3019 821 3081 ct
837 3009 1044 3081 Bucoarano
1063 3011 1098 3081 in
1126 3008 1260 3082 liberos
1278 3030 1369 3101 por-

168 3119 225 3179 tus
245 3121 385 3199 evecto,
412 3115 617 3183 universum
645 3133 723 3184 eum
752 3121 900 3184 tractum
928 3111 992 3184 sub
1020 3114 1161 3181 nomine
1189 3105 1368 3181 Littoralis

168 3209 360 3304 Hungarici
380 3215 527 3306 speciali
547 3212 739 3304 Cabernio,
760 3215 856 3309 quod
871 3211 1029 3284 Flumine
1057 3209 1205 3299 residet,
1236 3209 1369 3282 subor-

170 3309 324 3402 dinavit3
353 3313 549 3385 efformavit
576 3315 702 3386 eodem
726 3326 885 3411 tempore
916 3315 1042 3387 ibidem
1063 3311 1273 3386 Comitatnm
1295 3313 1368 3388 Se-

168 3419 420 3503 verinensem,
457 3412 621 3508 illiusque
658 3416 865 3509 Supremam
895 3415 1065 3487 Comitem
1086 3415 1368 3487 Gubernatorem

167 3515 427 3589 Fluminensem
446 3535 528 3588 esse
547 3514 705 3606 volebat,
736 3514 802 3588 sed
830 3511 1024 3587 Comitatus
1052 3517 1121 3585 iste
1149 3514 1254 3609 paulo
1286 3517 1378 3608 post·

171 3620 299 3691 iterum
318 3618 474 3694 sublatus
494 3626 560 3689 est.

696 3746 732 3832 ὃ·
763 3748 822 3822 39.

461 3875 553 3946 Non
581 3887 636 3944 est
661 3859 864 3946 Provabce'a
889 3882 1083 3962 separata.

276 3992 504 4090 Nequaquam
532 4017 619 4088 ergo
637 3995 806 4072 Littorale
825 3994 1062 4089 Hungaricum
1081 3998 1280 4086 separatam
1298 3988 1369 4062 ali-

171 4117 273 4191 quam
302 4101 482 4169 constituit
508 4099 751 4189 Provinciam,
794 4120 861 4171 nec
889 4097 1074 4193 quidquam
1101 4091 1274 4193 Regionis
1299 4091 1369 4165 boe

155 4247 383 4264 ’.ι-κ·-

199 4289 226 4345 at
246 4290 324 4344 1741.
343 4293 385 4344 aa.
400 4287 423 4356 n.
442 4292 466 4341 1.

199 4357 227 4426 ¹³)
248 4361 326 4414 msa.
345 4365 368 4413 1.
592 4429 596 4440 .

1096 4423 1169 4498 4*
