3122 4852
255 235 324 308 124

248 400 420 474 historico
447 400 587 496 penitus
613 395 781 470 dimittam
804 398 963 490 ieiunum
990 394 1184 483 recedere,
1212 391 1255 465 de
1281 395 1350 466 isto
1370 413 1448 486 ge-

247 525 337 578 nere
354 503 597 589 delensionis,
625 500 720 596 quod
739 499 921 572 Nobilibus
941 502 1148 597 praeprimis
1166 495 1333 582 incubuit,
1360 515 1447 564 ma-

247 609 304 700 gis
331 607 496 690 omnino,
533 623 624 696 quae
659 605 847 697 praeteriri
873 610 1075 697 nequeunt,
1123 619 1224 696 quam
1254 617 1343 694 quae
1371 595 1446 670 dici
1550 597 1551 600 ’

247 715 414 806 possent,
443 707 585 778 omnino
614 703 696 776 mibi
716 713 818 776 erunt
836 702 1062 798 proterenda.

290 849 327 933 l)
350 849 506 932 Pergrave
529 849 646 910 scillcet
670 849 817 910 monitum
849 847 931 912 Filio
954 852 1058 911 datum
1073 847 1126 931 ·);
1156 846 1316 925 „Quartus
1340 848 1446 910 Decor

331 935 527 1016 „Regiminis
541 943 588 996 est
605 933 747 1009 fidelitas,
770 934 933 1010 tortitudo,
949 935 1085 1016 agilitas,
1105 935 1245 1008 comitas,
1269 933 1445 997 Oeniden-

330 1021 397 1098 „tic
417 1020 615 1100 Principum,
639 1019 792 1081 Beronum
824 1017 996 1095 Comitum,
1020 1020 1173 1094 Militum,
1196 1019 1364 1084 Nobilium.
1389 1019 1444 1080 llli

331 1107 434 1184 „enlm
458 1115 531 1167 sunt
554 1104 650 1183 Regni
673 1113 936 1185 propugnatores,
959 1105 1140 1167 defensores
1159 1105 1369 1179 imbecillium,
1382 1125 1445 1166 ex-

333 1199 547 1274 „pugnatores
578 1190 850 1264 adversariorum,
886 1198 1136 1272 augmentatores
1169 1189 1443 1252 Monarcbierum:

334 1278 408 1355 „llll
441 1275 515 1340 Tibi
550 1273 611 1336 tili
644 1276 701 1337 mi!
737 1277 802 1338 sint
832 1276 959 1352 Patres,
989 1285 1019 1339 et
1048 1275 1183 1338 Fcetres.
1222 1275 1268 1338 lix
1293 1275 1443 1337 hisvero

332 1363 507 1442 „neminem
532 1361 563 1424 in
587 1361 769 1425 servitutem
793 1363 937 1445 redigas,
956 1361 1005 1425 vel
1032 1381 1158 1425 servum
1189 1361 1339 1424 nomines.
1369 1360 1444 1422 llli
1551 1387 1552 1402 2

332 1449 448 1526 „Tibi
470 1445 662 1525 militent,
684 1467 760 1510 non
785 1449 998 1512 serviant.“
1021 1456 1077 1512 ete.

269 1556 329 1641 ⁴¹⁴⁵)
354 1553 417 1630 „Ut
439 1562 469 1616 et
492 1588 532 1600 -
556 1555 657 1634 inquit
683 1555 802 1634 -Ipsi
827 1553 1107 1634 (subintelligendo
1123 1553 1273 1637 Nobiles)
1287 1556 1445 1636 gaudeant

330 1657 412 1716 „suc
433 1637 586 1714 libertate,
609 1656 645 1699 ac
666 1649 796 1719 propter
817 1639 875 1700 boc
896 1639 1008 1713 Nobis,
1031 1647 1061 1698 et
1084 1640 1326 1708 Successoribus
1349 1659 1442 1702 senr-

329 1741 406 1802 „per
428 1721 563 1784 existant
586 1720 702 1798 fideles,
725 1730 755 1784 et
778 1722 921 1786 Coronos
944 1722 1058 1803 Regiae
1081 1723 1230 1804 obsequie
1250 1724 1354 1787 debita
1377 1745 1443 1788 non
1552 1787 1553 1798 ,

330 1811 524 1890 „negentnr“
539 1805 586 1892 ¹³).

764 1965 800 2054 S.
830 1967 916 2040 530.

695 2114 747 2188 Et
763 2113 1001 2207 quotuplcoe?

349 2261 468 2336 Genus
503 2261 598 2333 istud
627 2260 770 2334 militiae
797 2247 917 2355 plure's
948 2264 1089 2356 species
1127 2259 1298 2334 subaudit.
1335 2261 1438 2349 ouo-

244 2366 313 2438 ties
331 2361 509 2455 Hungaria
529 2364 695 2432 universa
715 2361 758 2431 ed
778 2382 873 2432 arma
892 2363 1062 2457 capienda
1090 2364 1327 2450 evocabatur,
1356 2387 1436 2458 ge-

244 2463 445 2538 neralis:
476 2462 554 2534 dum
581 2463 672 2554 parti
692 2460 807 2532 solum
824 2460 954 2555 Regni,
982 2465 1041 2536 vel
1070 2469 1249 2560 copiarum
1271 2466 1437 2558 adsigna

245 2575 322 2650 erat
350 2560 630 2649 convolandum,
667 2565 987 2657 particularis
1014 2566 1317 2639 Insurrectio
1345 2589 1438 2662 pro-

245 2666 315 2736 diit.
345 2665 579 2755 Distingvitur
606 2673 793 2757 praeterea
820 2668 857 2736 in
884 2666 1235 2757 banderialem,
1273 2688 1437 2763 perso-

242 2765 410 2851 nalem,
438 2773 474 2834 et
499 2785 555 2856 po
570 2763 747 2834 rtalem.
776 2767 889 2838 Prima
908 2789 1034 2860 agmen
1053 2769 1215 2862 designat
1234 2767 1435 2862 egentibus
1554 2787 1555 2868 Τ

240 2864 544 2953 Banderiatorum,
562 2865 671 2936 altera
691 2887 711 2936 e
730 2873 981 2960 praerogativa
1001 2869 1178 2942 nobilitari
1196 2869 1434 2962 gaudentium,

239 2968 344 3040 tertia
363 2965 500 3038 demum
528 2987 548 3036 e
577 2969 689 3060 copiis
716 2989 781 3063 pro
809 2972 948 3041 ratione
977 2980 1158 3064 portarum
1189 2971 1436 3044 colonicalium

241 3067 439 3142 collectum.
467 3067 521 3139 De
540 3066 594 3140 bis
609 3068 682 3158 jmn
701 3069 861 3161 singulis.

759 3272 794 3358 §.
825 3272 909 3344 531.

552 3419 834 3494 Banderr‘orum
859 3420 1114 3514 Emmolopr‘c.

338 3568 394 3642 Ab
412 3567 532 3642 italico
550 3567 727 3643 vocabulo
749 3567 828 3658 „Ba
840 3568 1024 3640 ndiera“
1037 3569 1207 3644 vexillum
1225 3570 1433 3661 denotante,

238 3668 406 3740 cobortes
424 3669 488 3740 sub
508 3670 672 3743 distincto
701 3670 902 3760 hujusmodi
931 3673 1034 3764 signo
1053 3672 1262 3744 militaturus
1288 3671 1434 3743 Bande-

236 3773 368 3842 riorum
387 3766 705 3840 denominationem
724 3780 938 3842 consecutae
958 3769 1100 3862 sunt*).
1113 3773 1172 3844 Ad
1190 3795 1312 3844 eorum
1331 3772 1432 3846 clas-

236 3888 311 3938 sem
331 3867 521 3958 antiquitus
541 3867 748 3959 spectabant
766 3879 909 3966 practer
927 3872 1020 3943 illam
1039 3874 1162 3963 Regis,
1175 3875 1218 3945 de
1238 3895 1305 3967 qua
1324 3895 1433 3968 supra

234 3971 397 4053 memini,
425 3966 682 4060 Reginaeque,
702 3980 738 4042 et
757 3971 964 4043 Officialium
982 3973 1196 4062 Regiorum:
1218 3983 1351 4046 turmae
1370 3980 1432 4046 in-

236 4084 345 4159 super
372 4064 638 4156 Praelatorum,
667 4093 709 4142 ac
736 4070 947 4145 secularium
974 4072 1232 4166 Dynastarum,
1259 4078 1295 4149 in
1314 4097 1433 4172 qnan-

245 4204 439 4222 *u—

146 4256 150 4265 *
263 4272 290 4333 ⁸)
309 4279 373 4330 Dec
392 4281 422 4330 n.
443 4283 467 4332 1.
486 4279 559 4336 ct.

262 4351 292 4419 a)
313 4363 390 4416 raas
409 4363 440 4415 c.
458 4363 500 4418 s1.
517 4362 542 4429 o.
563 4371 589 4425 1.
