3142 4862
248 286 312 359 (34

261 457 380 550 itaque
408 451 587 528 assentior
621 450 689 542 iis,
728 450 787 546 qui
803 495 805 500 -
821 447 1028 523 Dalmatiam
1065 445 1235 540 subjectis
1260 448 1460 546 proviaciis

260 567 453 628 accensent
482 557 527 645 ¹).
555 551 644 626 Nam
672 575 762 647 quae
788 571 860 624 non
886 563 957 626 tam
983 553 1101 640 armis,
1130 572 1232 647 quam
1259 563 1460 648 spontanea

232 657 451 746 deditione,
464 658 642 750 certisque
660 653 868 727 retinendae
893 657 1063 750 pristinae
1085 653 1258 725 libertatis
1278 654 1343 728 sub
1364 649 1460 728 con-

259 758 448 831 ditionibus
466 755 666 850 Hungariae
686 760 851 846 accessit,
869 777 1089 850 nequaquam
1109 753 1305 846 subjectae,
1331 779 1459 830 verum

21 839 22 900 3
134 865 137 870 '
256 859 418 933 adnexae
436 860 589 948 nomine,
609 858 801 932 secundum
820 878 1038 930 communem
1058 856 1153 930 duris
1170 855 1302 953 publici
1314 857 1459 952 signill-

257 972 372 1034 catum
399 960 613 1056 compellare
638 960 742 1034 malo.

795 1086 832 1173 ς.
864 1087 923 1157 14.

791 1212 923 1285 Romo.

356 1333 478 1424 Rama,
499 1337 555 1406 cui
574 1333 807 1429 homonymus
822 1331 949 1406 fluvius
970 1343 1099 1404 nomen
1120 1330 1277 1420 dederat
1297 1333 1457 1406 avicina

239 1434 368 1507 'eidem
392 1433 524 1508 Bosnia
552 1436 739 1532 aliquando
769 1434 931 1507 distincto
960 1431 1026 1505 fun
1056 1433 1090 1524 )
1120 1431 1164 1503 ad
1188 1434 1282 1504 illam
1305 1439 1458 1506 verosi-

252 1537 381 1609 militer
392 1535 677 1630 Hercnegovina,
694 1548 730 1610 et
747 1534 903 1608 Chulmia
917 1535 1140 1630 pertinuerit,
1160 1531 1356 1605 Celtinam
1346 1547 1455 1626 mter,

253 1647 290 1706 et
309 1636 489 1708 Naronem
509 1634 637 1710 duvios
655 1641 735 1725 site,
764 1637 808 1710 ad
825 1636 915 1708 bane
934 1636 1049 1729 Regio
1071 1634 1221 1731 reliquo,
1240 1633 1456 1730 Hercncgo-

250 1739 357 1808 vinee
385 1742 625 1827 contermina,
664 1738 783 1827 Savo,
821 1738 953 1826 Drino,
990 1735 1226 1829 Verbauoque
1254 1734 1454 1812 fluminibus

250 1840 496 1933 circumsepta.
533 1838 605 1912 Sed
631 1839 788 1933 Hungari
815 1839 850 1909 id
877 1859 980 1911 omne
1006 1837 1151 1909 Ramam
1179 1837 1353 1909 dixerunt.
1391 1841 1454 1914 Sic

237 1934 447 2012 'Thurocius
478 1940 735 2032 „Bosnense
762 1979 813 2030 ·.··
840 1941 952 2035 inquit
979 1977 1031 1991 -
1057 1938 1255 2031 Regnum
1279 1938 1453 2012 Rumam

249 2043 502 2116 vocamns“
536 2044 579 2134 ⁰).
618 2041 696 2114 Nec
731 2043 914 2138 Principes
948 2042 1017 2135 ipsi
1053 2043 1165 2112 nostri
1204 2061 1243 2112 se
1281 2039 1453 2132 Bosniae,

245 2162 370 2215 vorum
397 2142 530 2217 Romae
557 2144 678 2237 Reges
708 2153 912 2217 constanter
940 2140 1151 2216 scribebant.

821 2319 828 2337 .
860 2270 917 2340 15.

685 2393 779 2464 lere
791 2268 1024 2464 §clientelari

350 2513 425 2600 Qua
448 2533 538 2585 vero
562 2515 713 2604 ratione,
742 2537 857 2609 quave
881 2523 998 2586 aetate
1016 2524 1090 2586 tota
1112 2515 1201 2588 haec
1218 2515 1334 2609 Regio
1357 2535 1450 2590 sen·

247 2619 314 2690 sim
326 2614 510 2707 hungarici
517 2616 608 2704 juris
629 2615 744 2688 electa
762 2621 960 2690 sit-nam
976 2618 1107 2690 sensim
1125 2621 1326 2690 accessisse
1338 2619 1449 2690 indu-

244 2717 339 2788 bium
365 2726 421 2788 est
451 2753 503 2767 -
527 2719 592 2789 vix
618 2717 743 2812 aliquis
779 2741 845 2815 pro
883 2728 981 2790 certo
1010 2715 1163 2790 deliniet.
1206 2713 1448 2793 (lolemannns

245 2819 379 2913 primus
401 2818 553 2888 omnium
574 2821 610 2889 in
632 2817 761 2892 litteris
785 2816 990 2915 quibusdam
1019 2815 1053 2908 ¹¹)
1075 2819 1152 2907 ejus
1178 2821 1313 2892 titulum
1333 2843 1448 2893 usur-

163 2949 166 2955 ·
244 2939 352 3014 passe
384 2921 530 3006 visitur;
557 2918 710 3013 indeque
737 2923 983 2992 nonnullorum
1013 2929 1068 2990 est
1097 2921 1239 3014 opinio,
1267 2921 1447 2993 laudatum

241 3021 379 3112 Regem
410 3028 546 3115 partem
575 3018 679 3111 hujus
708 3019 937 3108 Provinciae,
963 3029 1046 3114 post
1070 3024 1285 3114 receptam
1276 3045 1313 3093 ιιι
1339 3021 1447 3094 fidem
1560 3115 1561 3130 ι

239 3122 458 3211 Dalmatiam,
478 3143 689 3217 occupasse,
707 3126 904 3217 iterumque
922 3123 1098 3209 emissem,
1117 3120 1257 3195 tandem
1276 3121 1319 3194 ab
1341 3123 1445 3198 Uro-

241 3228 296 3296 sio
325 3223 475 3298 Serviae
494 3223 634 3316 Regulo
658 3223 769 3295 FilIue
791 3223 963 3312 Helenae,
990 3221 1099 3292 Belae
1120 3219 1163 3291 11.
1183 3227 1307 3318 nuptui
1325 3225 1446 3298 tradi-

240 3333 321 3411 tae,
363 3324 457 3395 dotis
501 3328 644 3395 nomine
680 3324 852 3418 obtigisse
884 3328 928 3416 ‘).
973 3322 1057 3394 Utut
1082 3321 1177 3394 istud
1222 3323 1266 3395 de
1292 3325 1444 3419 Urosio,

238 3427 344 3496 trium
360 3433 547 3518 praeterea
563 3423 730 3496 Filiorum
750 3436 864 3520 patre,
892 3427 1006 3496 minus
1028 3422 1196 3496 credibile
1215 3426 1331 3500 videri
1347 3448 1444 3522 pos-

240 3529 308 3614 sit,
338 3526 517 3620 complura
555 3535 707 3598 attamen
744 3526 930 3623 diplomate
966 3526 1108 3615 Belem,
1145 3527 1377 3624 ejusdemque
1405 3533 1444 3602 in
1554 3575 1555 3602 ι

238 3627 332 3700 solio
346 3648 579 3700 successores
597 3650 674 3699 cum
694 3628 804 3722 Regis
819 3630 920 3702 titulo
940 3649 1140 3722 supremum
1159 3649 1228 3700 una
1249 3631 1443 3704 dominium
1553 3667 1554 3670 ¹

267 3894 382 3956 ⁸)Vids
400 3895 446 3946 cit.
463 3897 585 3946 Dissert.
605 3896 672 3947 bist.
689 3898 756 3948 cett.
776 3896 799 3962 p
821 3896 846 3950 1.
866 3912 890 3962 p.
909 3901 968 3950 117.

265 3962 293 4026 ¹»)
313 3965 450 4023 semmel,
468 3960 595 4029 Θιιιῐιίιῐιίι
613 3963 652 4016 bet
668 3961 818 4034 denigrent:
836 3967 919 4022 Boou.
934 3967 983 4020 uni
1001 3969 1093 4020 Ruina.
1111 3969 1141 4019 8.
1159 3970 1185 4020 2

224 4030 413 4093 '·).Cbron
432 4034 461 4082 P.
480 4029 505 4080 1.
524 4031 553 4080 0.
572 4031 614 4082 65.

264 4102 293 4160 d)
311 4105 334 4153 Δ
336 4105 389 4169 pud
408 4100 522 4152 Lucium
540 4100 590 4164 op.
609 4101 654 4152 clt.
673 4104 746 4154 lai.
767 4106 796 4157 0.
815 4108 839 4159 3.

264 4118 555 4236 praemonerent.
575 4172 703 4235 etlnsig.
723 4171 1212 4238 §.letlnspeclmlleraldhss
1228 4173 1295 4226 0..ss
1313 4171 1441 4240 Reibotbl

308 4236 440 4360 ιθιιιιιιιιι
466 4238 507 4289 teo
530 4187 696 4304 bratetelde
718 4240 772 4308 ling
774 4253 832 4302 oto,
857 4243 882 4296 3.
901 4237 1006 4305 attint.
1034 4257 1058 4306 p.
1087 4243 1146 4297 712
1165 4244 1276 4295 Scbmid
1296 4245 1323 4296 Ιιι
1341 4245 1440 4311 Epioe.

222 4335 226 4340 ·
335 4324 412 4372 ganan

226 4377 386 4446 Onne.
404 4374 532 4428 facienda
556 4374 704 4430 invenies
696 4391 723 4430 ιιι
742 4377 835 4429 Palma
853 4378 902 4444 θιι.
919 4379 965 4432 cit.
986 4378 1057 4444 Pray
1075 4381 1172 4437 dunel.
1189 4381 1299 4436 lintona
1317 4383 1369 4450 op.
1390 4383 1438 4438 cit.
1543 4427 1544 4462 ι

224 4461 230 4466 ·
308 4451 392 4512 atque
409 4443 471 4495 aliia
489 4443 622 4510 complut.
681 4487 683 4491 .
