3122 4852
1305 203 1376 278 ma
1439 161 1460 272 s

183 369 362 459 potestate
389 357 540 453 loquor,
581 378 683 452 quam
716 357 837 452 Reges
874 354 1041 434 nostros
1059 361 1137 437 aliis
1168 365 1377 468 quandoque

184 463 391 541 attribuisse.
406 458 578 536 aduersus
597 462 702 536 allata
721 462 922 538 testimonia
940 484 1080 560 nequeo
1100 463 1289 564 abnegare.

606 631 609 636 ’
705 669 742 756 §-
766 669 851 744 ear.

365 822 420 894 Ao
445 818 590 910 legibus
615 820 741 910 Regni
761 818 920 893 subinde
945 836 1201 914 temeratam.
1308 915 1310 920 Ι

286 957 469 1056 Utcunque
489 981 536 1032 ex
559 959 614 1032 his
640 982 712 1031 non
738 962 869 1035 invitus
895 963 1048 1057 largior,
1074 965 1142 1038 Rei
1160 970 1377 1042 monetariae

174 1081 323 1134 omnem
343 1086 486 1150 euram,
501 1070 537 1133 et
555 1061 833 1136 moderationem
851 1065 972 1162 primis
995 1064 1226 1140 Monarchiae
1244 1072 1375 1144 seculis

183 1185 296 1259 penes
325 1167 424 1239 solos
452 1163 572 1258 Reges
602 1167 766 1254 stetisse,
795 1189 863 1260 quo
892 1165 1030 1262 quidem
1060 1176 1220 1264 tempore
1248 1174 1284 1242 in
1305 1159 1380 1244 'hac

184 1266 345 1360 publicae
381 1265 691 1339 administrationis
722 1276 823 1360 parte
860 1266 911 1339 illi
949 1269 1099 1342 consilio
1140 1275 1378 1348 tantummodo

184 1366 337 1443 Senatus
362 1369 467 1465 Regii
495 1369 550 1439 usi
580 1365 734 1454 inerint,
769 1371 853 1462 quin
882 1369 1017 1442 affirmo
1046 1375 1151 1443 etiam
1169 1375 1268 1468 ipsos
1288 1375 1378 1448 adeo

184 1468 299 1563 Regni
320 1471 470 1544 Ordines
489 1492 560 1541 non
577 1490 646 1540 una
663 1471 745 1542 vice
764 1471 944 1562 sensisse,
968 1495 1043 1544 rem
1060 1479 1292 1560 monetariam
1309 1501 1381 1553 ne-

186 1575 269 1643 mini
287 1577 415 1663 tutius,
445 1594 547 1666 quam
565 1570 656 1663 Regi
676 1574 842 1642 committi
872 1575 917 1664 ¹).
937 1573 1171 1648 Nihilominus
1197 1586 1379 1672 tractatus,

186 1677 459 1768 sanctionesque
489 1696 536 1745 ex
562 1672 729 1744 Ordinum
755 1695 934 1749 consensu
961 1688 1108 1752 eatenus
1127 1665 1380 1770 interuenisse,

186 1774 288 1870 leges
308 1775 439 1874 oppido
459 1774 667 1870 frequentes
687 1773 827 1848 docent.

720 1979 757 2064 §.
785 1979 870 2052 598.
939 2011 943 2035 -·

412 2126 475 2201 Ad
497 2126 636 2242 damna
662 2147 697 2198 a.
711 2125 919 2219 Republica
945 2128 1156 2203 avertenda.

289 2298 439 2376 Exstant
457 2302 640 2375 enimvero
660 2303 871 2396 sponsiones
899 2301 1171 2375 dissertissimus
1189 2303 1226 2373 in
1242 2300 1384 2375 Decre-
1490 2305 1493 2316 '

191 2404 236 2475 tis
254 2400 394 2476 Alberti
422 2400 455 2498 ¹³)
484 2413 520 2474 et
537 2402 706 2477 Uindislai
724 2402 767 2474 ΙΙ.
800 2406 831 2495 ⁶)
861 2403 1057 2489 decursu,
1086 2413 1122 2473 et
1148 2402 1273 2476 valore
1302 2426 1385 2476 mo-

189 2514 348 2582 netarum
367 2528 438 2581 non
466 2509 543 2578 sine
563 2507 711 2580 consilio
741 2504 995 2594 Praedatorum,
1023 2503 1212 2592 Beronum,
1241 2514 1275 2575 et
1303 2503 1385 2576 No-

187 2602 311 2676 bilium
336 2605 559 2680 immutando.
606 2607 763 2694 Quantae
794 2614 982 2702 praeterea
1008 2606 1110 2698 leges
1138 2607 1174 2677 in
1193 2605 1317 2678 codiee
1344 2628 1384 2680 se

191 2705 294 2780 uobis
319 2731 392 2782 non
419 2709 611 2800 objiciunt,
638 2709 681 2780 de
708 2717 849 2782 moneta
885 2707 1104 2780 solummodo
1132 2708 1169 2777 in
1202 2706 1315 2796 boue,
1343 2730 1386 2781 ao

187 2808 275 2897 justi
310 2810 477 2907 ponderis
503 2810 575 2904 liga
607 2809 788 2899 ieriunda,
826 2819 861 2881 et
896 2814 932 2882 in
955 2831 1019 2882 sua
1049 2807 1205 2880 bonitate
1231 2829 1385 2882 conser-

190 2908 307 2982 vanda
336 2909 392 3001 Ὃς
420 2913 463 2983 de
482 2921 623 2984 moneta
648 2915 852 3007 peregrina,
879 2910 933 2982 his
953 2907 1092 2982 dotibus
1112 2908 1288 3000 destituta,
1311 2932 1385 2984 non

191 3013 407 3102 recipienda,
420 3015 488 3083 nisi
504 3010 547 3082 ad
561 3014 694 3102 justum
711 3014 871 3087 valorem
889 3011 1120 3106 reduceretur
1150 3010 1201 3098 ·);
1221 3009 1264 3080 de
1284 3033 1385 3100 auro,

193 3118 228 3179 et
247 3120 394 3202 argento
414 3134 434 3183 e
453 3112 580 3206 Regno
600 3133 672 3184 non
695 3110 915 3207 exportando
947 3107 982 3197 ¹⁴)
1001 3133 1011 3195 3
1038 3108 1082 3180 de
1111 3107 1320 3200 ismaelitis,
1350 3121 1386 3182 et

191 3207 336 3284 todaeis
354 3216 408 3284 rei
425 3207 642 3307 monetariae
668 3213 761 3286 haud
788 3208 1034 3308 praeficiendis
1065 3210 1111 3299 ⁸).
1141 3207 1273 3294 Quibus
1293 3233 1385 3283 cun-

194 3315 282 3400 ctis,
310 3314 458 3409 aliisque
478 3317 635 3407 ejusdem
653 3319 799 3410 generis
819 3312 901 3408 quid
932 3309 1025 3384 aliud
1042 3309 1256 3400 intenditur,
1284 3334 1386 3405 quam

193 3422 231 3484 ut
241 3412 362 3508 Reges
377 3416 463 3488 Jure
482 3416 547 3490 sibi
567 3427 789 3512 competente
804 3424 945 3486 utantur
962 3411 1073 3484 libere
1088 3410 1243 3504 quidem:
1262 3435 1386 3484 verum

192 3515 241 3584 ita
260 3526 424 3609 utantur,
451 3540 498 3591 ne
516 3517 698 3614 quidinde
724 3517 838 3592 damni
856 3519 892 3588 in
918 3511 1182 3610 Rempuhlicam
1199 3511 1383 3586 redundet.

223 3797 248 3856 *i
268 3803 309 3854 no
328 3803 415 3856 tandit
434 3803 509 3856 1569.
527 3805 570 3857 20.

224 3885 252 3951 ¹³)
272 3891 321 3942 cit.
341 3892 407 3942 eiius
427 3888 502 3944 14³9.
523 3891 566 3942 10.
797 3947 800 3957 ¹

226 3975 251 4042 ο)
272 3981 300 4030 in
315 3980 376 4044 dipl.
393 3978 516 4029 confirm.
533 3972 839 4042 §.indemnatum
902 4035 908 4044 ,
933 4021 936 4025 .

225 4061 251 4126 t¹)
271 4066 348 4117 1559.
364 4063 406 4118 46.
426 4071 476 4117 eie.

162 4157 164 4161 ⁴
226 4149 250 4210 ε)
269 4148 345 4202 1548.
364 4153 405 4202 51.

226 4235 253 4298 r)
273 4235 349 4287 1405.
370 4237 412 4290 15,
431 4261 465 4272 -
487 4234 564 4290 1492,
586 4236 628 4290 32.
647 4264 679 4275 -
699 4232 781 4286 1659.
797 4228 842 4284 46.
862 4227 956 4291 aliaeq.
974 4233 1054 4290 quam
1072 4219 1213 4288 plurimae·

225 4323 252 4388 s)
271 4325 349 4377 1288.
367 4321 412 4376 24.
1095 4382 1138 4452 ss
1166 4372 1191 4418 ἥ
