3138 4858
1296 320 1349 406 m

153 513 247 566 oum
272 486 494 588 Imperio,
522 503 566 566 et
591 495 839 590 Regimine
866 495 1113 570 translata
1138 496 1238 587 fuit,
1268 496 1350 572 Rex

151 603 221 683 oet,
250 617 353 689 quem
371 605 561 693 propterea
580 597 789 671 documenta
803 595 943 692 publiea
963 619 1178 670 summum
1204 596 1225 667 J
1232 620 1255 669 u
1267 603 1350 672 sti-

152 699 339 767 tiarium
358 718 534 792 persaepe
553 700 737 795 appellant.
760 698 854 772 Sane
888 698 933 768 ad
958 697 1058 772 lllum
1084 699 1180 772 Juris
1209 697 1349 771 dicendi

151 807 311 892 potestas
338 802 507 895 pertinuit
541 805 827 896 omnitempore,
855 810 892 869 et
916 802 1031 890 istam,
1060 822 1162 894 quam
1181 799 1264 870 olim
1285 821 1351 894 per

152 919 194 970 se
221 919 361 994 quoque
401 921 473 972 non
511 923 594 974 raro
624 902 818 974 exercebat
852 937 904 954 --
930 901 1221 995 quemadmodum
1246 902 1350 973 nobis

150 1000 267 1090 leges,
294 1010 331 1071 et
347 999 501 1072 Historia
521 1004 627 1076 obvio
647 1005 850 1074 testimonio
872 999 1000 1091 sumt)
1019 1040 1071 1058 —-
1088 1023 1180 1072 nuno
1197 1021 1263 1096 per
1290 1001 1351 1072 le-

154 1103 275 1192 gitime
299 1105 500 1188 constituta,
528 1105 663 1198 sibique
696 1102 921 1174 subordinate
952 1102 1153 1174 Tribunalia
1181 1105 1229 1173 ita
1257 1124 1350 1172 exe-

155 1205 283 1295 quitur,
311 1210 349 1271 ut
375 1202 566 1298 providere
591 1203 836 1291 oumeileotu,
873 1223 943 1297 quo
970 1204 1104 1292 justitia
1133 1202 1350 1274 indiserini-
1406 1261 1409 1266 .

155 1306 261 1373 natim
281 1305 407 1391 cuivis,
436 1323 513 1372 eam
533 1304 759 1392 sollicitanti,
788 1313 932 1377 servato
951 1301 1046 1375 Juris
1076 1302 1213 1389 ordine,
1242 1325 1262 1372 a
1290 1302 1351 1372 le-

156 1403 272 1496 gibus,
292 1426 334 1474 ae
351 1424 474 1475 norma
498 1401 727 1498 praestituta,
755 1413 791 1473 et
819 1413 1001 1498 prompte,
1038 1413 1074 1474 et
1102 1407 1179 1475 sine
1205 1405 1352 1495 praeei-

155 1507 313 1597 pitentia,
341 1513 378 1575 et
403 1502 536 1598 absque
563 1509 713 1602 partium
732 1504 847 1577 studio
868 1502 1039 1595 obtingat,
1066 1524 1133 1598 pro
1153 1501 1219 1573 luae
1238 1523 1301 1574 sua
1316 1504 1353 1572 in

156 1603 384 1774 pupieialibus
428 1611 637 1680 auctoritate
662 1628 735 1678 non
760 1614 893 1678 tantam
919 1606 1058 1699 possit,
1095 1625 1220 1678 verum
1247 1606 1353 1674 etiam

181 1725 201 1774 e
227 1714 294 1776 eat.

160 1857 162 1862 ·
199 1825 236 1907 ⁸)
258 1825 320 1887 Pro
344 1825 483 1905 exemplo
507 1828 669 1890 articulum
694 1847 806 1890 aureae
823 1827 941 1902 Bullae,
953 1833 983 1887 et
998 1825 1127 1888 alterius
1144 1825 1303 1888 Andreani
1322 1823 1352 1887 1.

158 1941 161 1950 =
246 1911 391 1988 utrinque
412 1913 493 1971 elios
516 1921 721 1986 memoratos,
750 1931 806 1994 nee
834 1931 896 1972 non
926 1919 985 1970 art.
1008 1911 1039 1974 8.
1069 1911 1158 1972 Baiae
1181 1911 1237 1972 lv.
1259 1910 1354 1991 Regis

157 2041 162 2050 .
243 1996 366 2055 decreto
390 1996 427 2056 de
449 1996 491 2056 Αο
523 1997 617 2058 1267.
640 1999 792 2058 insertum
824 1995 876 2069 ⁸),
907 1997 987 2072 quod
1020 1995 1122 2071 ipsum
1153 1995 1224 2055 dein
1253 1996 1354 2074 Reges

159 2137 177 2150 ,,
244 2079 419 2158 complures
443 2098 479 2140 ex
503 2080 611 2142 ordine
635 2079 872 2154 confirmarunt,
903 2095 1075 2156 provocare
1097 2078 1220 2138 abunda
1242 2080 1355 2140 deser-

244 2163 317 2225 viet.
348 2163 383 2222 lu
408 2164 520 2242 quibus
542 2165 631 2226 ambo
654 2164 857 2244 profitentur,
888 2181 922 2224 se
946 2195 987 2208 -
1009 2161 1072 2223 nisi
1098 2163 1197 2224 arduo
1220 2163 1355 2243 negotio,

246 2246 295 2309 vel
325 2245 503 2310 infirmitate
533 2249 757 2330 prohibeantur
785 2281 825 2292 -
857 2256 930 2328 quot
960 2247 1052 2308 annis
1081 2245 1174 2308 Festo
1203 2249 1234 2312 S.
1259 2247 1355 2328 Regis

163 2331 166 2341 '
245 2331 449 2409 solennisare,
472 2353 643 2415 causasque
666 2335 776 2396 audire
798 2333 907 2395 teneri.
931 2329 1083 2393 Eruditus
1107 2329 1222 2410 liartal,
1246 2352 1306 2414 quo
1322 2334 1355 2393 in

247 2418 436 2480 illustranda
464 2428 618 2498 potestate
644 2419 837 2496 Judieiaria,
866 2415 1019 2496 lorisque
1041 2415 1245 2493 dediderim,
1279 2436 1357 2497 quae

245 2504 278 2564 in
300 2504 484 2582 primordiis
505 2505 728 2580 Maenaliae,
759 2523 795 2566 ae
824 2502 935 2583 primis
963 2501 1080 2564 seeulis
1110 2501 1211 2563 loeum
1233 2502 1356 2565 babue-

247 2596 335 2662 rant,
366 2589 569 2666 designandis
598 2609 689 2652 nemo
720 2589 870 2652 disertior
899 2587 977 2664 fuit,
1010 2586 1147 2650 avidiore
1176 2587 1247 2666 ipso
1282 2588 1356 2649 divo

247 2672 403 2750 Stephano
417 2671 451 2754 ¹³)
476 2673 637 2735 verissime
660 2673 834 2735 adnotavit:
857 2671 935 2733 alias
952 2672 1086 2733 retrusis
1102 2672 1143 2733 iis
1159 2672 1355 2752 temporibus

247 2774 359 2818 eausas
382 2759 495 2838 Regem
521 2759 757 2839 perseipsum
781 2757 985 2839 cognovisse,
1008 2756 1086 2818 alias
1109 2757 1288 2819 constitutis
1317 2760 1357 2818 ad

246 2843 322 2904 beee
344 2842 510 2906 Judieibus
543 2844 642 2906 inisse
663 2843 832 2906 commisse
846 2845 887 2921 ⁰).
918 2841 1000 2902 Hine
1027 2859 1212 2903 numerosas
1235 2841 1357 2905 litterae

247 2925 504 3008 adjudicatorias,
520 2938 698 3010 caeteraque
713 2934 911 2991 monumenta
926 2927 1086 3003 historie-a,
1102 2945 1178 3010 quae
1191 2946 1255 2990 rem
1267 2928 1357 2989 laetis

248 3011 439 3090 confirmant,
461 3014 652 3093 prolixitatis
675 3015 817 3077 vitandae
841 3013 942 3094 gratia
964 3013 1116 3074 adducere
1131 3015 1356 3093 praetermitto.

545 3288 547 3292 .
651 3231 653 3240 ’
688 3226 725 3312 §.
752 3227 839 3298 431.

433 3373 697 3464 Respondetor
723 3373 778 3446 ed
803 3372 1096 3460 objeetz‘onemI.

266 3515 443 3611 Experior
471 3539 549 3608 eos,
575 3523 633 3616 qui
652 3519 793 3590 duribus
811 3517 934 3610 Regiis
953 3515 1177 3586 Judioiariam
1195 3527 1360 3610 potesta-

166 3626 236 3688 tem
256 3616 485 3691 adnumerare
517 3619 734 3711 detrectant,
754 3644 774 3693 e
791 3619 996 3716 praemissis
1017 3615 1147 3710 duplex
1175 3615 1360 3691 desumere

168 3732 418 3809 argumentum.
457 3722 624 3794 Primum:
664 3721 757 3818 quod
784 3720 1053 3793 iurisdictiones
1089 3714 1250 3812 publicae
1289 3744 1360 3793 non
1395 3732 1401 3740 ’

58 3819 61 3826 ’
167 3827 300 3892 tantum
319 3822 433 3910 civili,
460 3846 585 3897 verum
608 3828 833 3917 sanguinaria
861 3822 965 3917 plane
999 3823 1035 3890 in
1064 3841 1151 3891 suos
1181 3822 1361 3928 judicandi

167 3929 345 4012 potestate
355 3924 544 4015 gaudeant,
553 3930 622 4000 imo
634 3926 724 3998 haue
733 3931 862 4021 privati
873 3927 977 3995 etiam
988 3923 1247 3994 territoriorum
1265 3944 1358 4018 pos-

169 4041 333 4095 sessores
360 4023 452 4095 baud
478 4029 526 4098 ita
542 4028 696 4123 pridem,
723 4037 759 4098 et
788 4027 908 4123 plures
945 4026 1050 4095 etiam
1082 4015 1360 4098 communitates

167 4145 431 4341 mm
450 4212 538 4263 reper.
558 4200 628 4266 apud
646 4201 717 4266 plur.
737 4199 787 4265 sig.
806 4195 965 4250 llovaelrieb
984 4207 1066 4259 saepe
1090 4193 1136 4249 eit.
1156 4193 1236 4244 vost.
1264 4189 1363 4246 Gemit.

197 4276 213 4316 ι
243 4279 273 4330 Ι..
292 4283 314 4332 1.
334 4281 363 4334 (ι.
381 4285 407 4336 5.

198 4360 224 4425 ⁰)
244 4365 347 4432 (taorg-
374 4368 467 4419 norat
491 4368 642 4420 comment
668 4371 702 4422 ad
734 4369 805 4421 litut
834 4368 904 4419 Stat
928 4361 1060 4428 aureque
1090 4359 1161 4429 publ
1184 4359 1275 4425 flung.
1301 4360 1363 4414 aeri

235 4438 328 4516 mauu
346 4441 376 4492 r.
396 4441 420 4492 1.
438 4432 461 4503 t.
479 4439 538 4492 ns.
556 4451 582 4504 p.
599 4439 660 4492 aas.
1100 4500 1125 4574 ὅ
1150 4495 1174 4541 „
