3144 4860
187 256 237 330 44

272 416 350 484 tium
371 418 618 484 contrabentium
639 414 1129 483 ranhatitiona‘aormboratum.
1152 417 1235 493 Quid
1253 417 1328 483 inda
1350 421 1385 483 in

272 506 375 585 spacia
402 508 526 568 nomina
550 504 707 581 Galiciaa,
730 515 761 568 ct
784 505 990 569 Lodomariae
1018 505 1163 570 Coronae
1184 505 1384 588 Hungaricaa

269 587 342 674 jure
358 599 515 672 receptum
538 593 591 670 sit,
613 592 775 654 adnotavit
789 600 930 654 accurata
952 591 1051 672 Engal
1066 591 1107 673 n).

762 756 770 772 .
798 703 858 775 24.

552 807 655 892 Quae
682 703 799 878 orzio
826 817 1022 894 occupata.

279 926 421 1024 vVerum
445 927 607 1002 laudatus
628 928 805 1016 Andreas,
833 930 890 998 oui
917 928 1021 998 Pater
1047 927 1246 1020 Hegionem
1270 930 1386 1005 denuo

190 1029 398 1121 acquisitam
423 1029 685 1123 gubernandam
713 1031 949 1118 commiserat,
976 1031 1027 1100 uti
1055 1029 1160 1119 alibi,
1189 1034 1241 1104 sic
1270 1033 1387 1122 isthic,

189 1131 293 1202 etiam
320 1133 431 1216 pariis
456 1135 610 1225 agitatus
630 1130 725 1219 fatis,
753 1131 847 1202 illius
871 1132 1043 1220 jacturam
1069 1131 1299 1224 quadriennio
1323 1139 1389 1210 vix

58 1260 61 1265 ⁴
189 1231 334 1305 evoluto
352 1231 457 1306 subiit
487 1232 536 1324 bJ,
558 1234 776 1326 eandemque
797 1231 1007 1320 Vlodimiro,
1034 1233 1171 1304 interea
1206 1256 1227 1307 e
1258 1258 1388 1309 carce-

187 1333 283 1406 ribus
307 1334 468 1428 dilapso,
495 1346 531 1408 et
558 1336 686 1409 validis
717 1331 876 1406 Oasimiri
908 1333 1078 1406 Poloniae
1107 1333 1217 1430 Regis
1247 1339 1388 1410 auxiliis

188 1435 306 1529 adjuto
326 1439 529 1531 relinquere
546 1438 762 1531 ¹cogebatur3
790 1437 980 1531 paulopost
999 1446 1128 1526 tamon,
1148 1439 1207 1510 ubi
1222 1441 1295 1530 jam
1306 1440 1388 1514 Rex

186 1541 387 1636 Hungariae
407 1549 517 1627 esset,
545 1539 670 1611 iterum
687 1549 946 1632 recuperatam,
971 1537 1131 1611 Romano
1146 1539 1386 1633 lgoreviczio,

189 1643 388 1740 clientelam
406 1639 587 1733 professo,
606 1641 715 1710 Ducis
744 1661 821 1708 cum
840 1639 940 1709 titulo
960 1639 1125 1712 attribuit.
1153 1641 1226 1713 Isto
1247 1643 1389 1714 tandem

186 1747 289 1818 brevi
306 1751 389 1839 post
408 1763 426 1809 a
444 1745 517 1812 suis
536 1752 683 1835 propter
704 1739 948 1812 crudelitatem
974 1745 1177 1833 interemto,
1199 1748 1389 1839 poscenti-

187 1847 253 1919 bus
272 1845 308 1916 id
336 1849 450 1940 ipsum
476 1842 702 1936 primoribus,
729 1841 933 1936 populoque
963 1842 1167 1934 Galioicnsi,
1195 1847 1303 1918 filium
1323 1865 1389 1920 se-

189 1947 303 2021 cundo
333 1947 490 2042 genitum
514 1941 764 2018 Colomannum
785 1947 921 2038 Regem
940 1944 1115 2040 praefecit
1145 1949 1188 2037 ⁰).

498 2180 690 2266 Deinceps
716 2071 1065 2245 niaffeuantetara

294 2301 424 2374 Evenit
447 2301 565 2393 itaque
589 2320 636 2370 ex
654 2296 782 2385 allatis,
809 2296 1031 2388 provinciam
1053 2296 1155 2384 hanc,
1183 2294 1307 2367 aBela
1325 2292 1387 2364 111.

192 2406 230 2474 in
247 2401 452 2497 primordiis,
465 2401 546 2489 jura
565 2420 741 2471 armornm
762 2398 1007 2492 conquisitam,
1034 2408 1152 2470 ectum
1171 2401 1294 2469 stricte
1310 2405 1391 2466 ter-

193 2507 353 2576 ritorium
379 2498 574 2590 subjectum
600 2502 846 2588 constituisse,
875 2507 910 2569 at
940 2509 1125 2591 postquam
1153 2499 1317 2570 Andreas
1344 2497 1389 2569 ll.

192 2603 395 2678 volentibus
404 2604 602 2696 Principem
621 2600 778 2690 dederat,
796 2623 891 2671 nexu
920 2598 1088 2692 deinceps
1119 2598 1316 2672 clientelari
1346 2599 1393 2670 ad

194 2703 578 2797 CoronamHungariae
600 2705 782 2797 pertinuit,
810 2724 901 2796 quae
930 2721 1190 2793 nonnunquam,
1217 2721 1393 2796 praeser-

193 2809 254 2876 tim
276 2804 447 2880 ludovici
465 2805 491 2876 l.
518 2815 648 2896 aetate,
674 2827 741 2901 per
760 2804 944 2895 Vajvodas
968 2801 1171 2895 regebatur.

392 3035 492 3123 Beqz'
513 2931 850 3124 Ηαηῃανῖαὲᾳῖιῗι
875 3029 952 3113 toli,
979 3028 1170 3100 suberunt.

294 3155 335 3229 In·
365 3159 610 3249 divergentem
643 3163 817 3241 anostra,
845 3161 881 3223 et
902 3153 1075 3224 communi
1106 3149 1276 3222 hactenus
1309 3155 1395 3246 opi-

173 3259 300 3329 nione
324 3259 407 3330 abiit
427 3257 661 3329 Gustermann
692 3252 726 3343 ἃ)
755 3253 998 3341 adstruendo,
1028 3252 1230 3345 dignitatem
1256 3256 1396 3345 regiam

194 3357 237 3427 ab
258 3356 538 3430 Halicziensibus
557 3357 667 3427 Belae
689 3349 766 3444 Ill,
788 3354 967 3446 hujusque
983 3353 1055 3424 lilio
1075 3353 1255 3443 Andreae,
1277 3353 1394 3425 libero

193 3477 373 3532 consensu
386 3459 547 3548 delatam,
566 3461 768 3550 neutiquam
784 3459 821 3527 in
833 3453 996 3528 Coronae
1011 3453 1246 3546 Hungaricae,
1265 3476 1396 3528 verum

163 3587 168 3593 ·
191 3561 331 3655 privata
344 3563 526 3654 regnantis
547 3560 773 3654 Arpadianae
793 3557 959 3631 Familiae
971 3559 1052 3646 jura
1065 3559 1303 3628 concessisse.
1317 3557 1417 3628 Ar-'

192 3674 371 3752 gumenta,
391 3683 481 3754 quae
497 3661 649 3756 profert,
670 3662 855 3753 sequentia
874 3667 970 3728 sunt:
990 3655 1025 3746 l]
1046 3655 1399 3728 Halicnienseshaud

194 3760 368 3850 eundem,
398 3763 457 3852 qui
484 3772 662 3854 sceptrum
687 3760 889 3850 Hungariae
919 3755 1083 3844 tenebat,
1115 3756 1237 3828 Belam
1254 3756 1331 3848 111,
1361 3770 1399 3832 et

192 3868 323 3953 postea
341 3859 532 3949 Andream,
552 3861 616 3931 sed
634 3872 785 3954 utroque
804 3862 839 3928 in
858 3878 942 3929 casu
958 3857 1049 3928 lilios
1062 3855 1200 3949 Regum
1211 3858 1399 3932 secundo-

194 3961 338 4050 genitos
364 3959 409 4030 ad
434 3959 667 4052 Principatum
694 3967 880 4053 optarunt;
907 3957 943 4028 id
967 3960 1086 4049 utique
1105 3981 1178 4030 non
1196 3959 1338 4052 facturi,
1367 3966 1400 4037 si

189 4081 407 4096 ———·—-

224 4099 251 4156 r)
270 4095 396 4167 despicite
414 4107 460 4151 nan
477 4103 567 4152 Hatita
586 4102 634 4153 aab
652 4105 783 4155 Wtadim.
803 4119 826 4170 p.
844 4104 904 4156 239.
922 4111 1027 4171 etseq.
1045 4104 1109 4156 edit.
1130 4119 1214 4158 meae.

204 4167 254 4234 ‚¹2)
272 4170 397 4234 Bogupb.
416 4171 467 4231 op.
486 4175 514 4220 at
532 4172 583 4222 loc.
602 4171 647 4222 cit.

226 4239 249 4300 ο)
268 4238 333 4289 Ltrt.
350 4237 419 4288 And.
438 4237 470 4286 ad
488 4241 580 4290 lnnoc.
598 4241 644 4290 lll.
662 4240 741 4292 Pont.
760 4241 793 4290 da
812 4239 851 4288 A⁰
883 4239 1184 4308 ratesponensi
1211 4247 1239 4298 lr.
1259 4260 1283 4298 a.
1313 4250 1400 4318 Dlug.

276 4305 348 4355 illst.
366 4306 461 4358 Polon.
479 4308 507 4356 la.
525 4309 549 4358 6.
569 4323 593 4374 p.
613 4306 671 4360 604.
692 4311 721 4360 it.
739 4309 810 4370 Pray
830 4323 874 4376 op.
893 4316 920 4365 et
945 4325 1004 4379 pag.
1023 4314 1096 4378 paul·
1114 4316 1233 4369 anteit.

227 4372 252 4440 a)
271 4369 383 4437 tinterna
401 4369 565 4442 &tentaterit
585 4379 608 4432 1.
625 4373 707 4436 boot.
727 4374 751 4444 t.
770 4377 828 4434 109.
