3122 4852
1280 215 1352 289 169

240 372 362 450 stituit,
385 377 684 450 testemonumento‚
718 394 775 456 per
795 373 932 457 Prayum
956 394 972 435 e
996 372 1110 439 Codice
1134 377 1356 458 manuscripto,

240 457 377 538 Capituli
410 459 614 521 posoniensis
649 459 717 522 luce
752 458 926 541 donato·).
949 459 1162 524 Nihilominus
1194 464 1231 525 ab
1255 463 1348 544 Regis

238 542 334 626 hujus
357 543 443 606 obitu
466 545 600 606 reditum
637 544 736 608 luisse
766 547 804 607 od
826 546 964 608 Lucrum
995 543 1162 625 Gamerae,
1190 569 1209 610 e
1233 547 1349 610 subse-

240 629 406 711 quentibus
429 631 552 713 legibus
574 639 680 712 aperte
703 631 870 712 colligitur.

701 819 708 835 .
737 768 823 840 605.

392 891 549 978 mando
577 768 742 964 Lueriam
773 895 956 966 Gammae
982 892 1121 967 deciri?

254 1015 378 1088 Elucet
399 1018 470 1106 jam
490 1039 536 1088 ex
562 1015 638 1103 bis,
667 1038 757 1110 quae
779 1016 1020 1106 disseruimus,
1047 1029 1152 1112 atque
1170 1022 1227 1109 iis,
1258 1042 1358 1113 quae.
1386 1020 1390 1030 '

153 1119 272 1210 Regni
290 1119 455 1192 Decretis
474 1121 566 1190 ultre
585 1123 822 1207 continentur,
840 1119 989 1190 Lucrum
1008 1115 1179 1191 Gamerae
1197 1142 1262 1214 pro
1283 1142 1349 1192 or-

156 1221 293 1292 dinario
314 1241 424 1292 ceusu
451 1223 638 1315 quotannis
659 1219 889 1313 dependendo
910 1220 1075 1308 habitum,
1095 1230 1350 1316 exactumque,

152 1343 281 1395 verum
303 1325 363 1410 ita,
390 1330 427 1392 ut
456 1323 533 1411 ejus
553 1331 622 1392 tum
648 1327 836 1415 quantitas,
874 1343 977 1415 quam
1004 1321 1139 1395 duratio
1169 1327 1351 1411 variaret,

154 1429 292 1517 quoties
312 1434 428 1495 sutem
448 1422 742 1495 contributionem
770 1445 835 1518 per
865 1419 1013 1493 Comitia
1046 1424 1164 1496 offerri
1191 1427 1350 1516 contigit,

154 1529 259 1598 toties
279 1524 360 1596 huic
387 1524 472 1595 illud
494 1524 607 1596 luisse
625 1528 841 1619 imputatum,
861 1524 966 1596 docet
988 1523 1024 1596 id
1043 1527 1135 1596 inter
1153 1526 1255 1617 leges
1283 1548 1349 1596 re-

110 1629 113 1643 *
153 1629 267 1722 liques
287 1628 496 1722 explicatius
516 1626 597 1697 alibi
615 1636 834 1721 provocatus
854 1625 1021 1697 articulus
1033 1628 1066 1700 9.
1081 1629 1162 1698 enni
1187 1624 1348 1716 tubat)

153 1729 293 1824 Exque
314 1726 462 1800 evidens
482 1737 549 1819 est,
570 1751 632 1798 cur
650 1726 893 1800 invalescente
914 1727 1185 1818 contributione,
1205 1728 1353 1800 Lucrum

155 1829 323 1902 Camerae
344 1832 505 1924 penitus,
536 1838 640 1922 atque
660 1830 835 1922 legalibus
857 1833 997 1902 omnino
1028 1851 1048 1900 e
1072 1829 1265 1902 rationibus
1286 1828 1353 1902 de-

156 1935 274 2004 sinere
304 1928 474 2000 debue'rit.
540 1957 543 1962 ·

197 2053 236 2136 i)
260 2051 328 2129 „De
350 2050 455 2110 Lucro
480 2047 647 2125 Gamerae,
671 2050 752 2127 quod
776 2051 872 2111 Sacra
894 2048 1047 2132 Mejestas
1073 2051 1245 2128 Caesarea,
1269 2050 1353 2114 velut

148 2159 152 2166 ·
240 2136 425 2217 „proprium
453 2134 594 2198 coronae
625 2143 810 2214 proventum
841 2135 976 2215 singulis
1007 2136 1039 2198 lu
1069 2146 1230 2217 posterum
1262 2138 1353 2198 annis

240 2223 329 2301 „eive
352 2223 509 2286 decretum
540 2219 635 2284 luerit
665 2221 862 2295 subsidium,
893 2221 959 2281 sive
982 2240 1063 2296 non,
1095 2221 1187 2306 juxte
1218 2230 1351 2284 veterem

132 2371 134 2376 ,
242 2327 379 2385 „morem
403 2307 546 2369 continue
577 2306 761 2387 erigendum
784 2306 906 2368 decerni
928 2307 1077 2387 postulat.
1101 2342 1142 2354 -
1166 2308 1277 2370 Visum
1300 2317 1348 2370 est

241 2393 413 2471 „statibus
433 2402 462 2454 et
485 2391 659 2454 Ordinibus
675 2393 784 2473 Regni,
808 2393 909 2473 quod
933 2393 1114 2472 quemvis
1137 2413 1211 2455 non
1235 2395 1349 2474 igno-

240 2487 369 2558 „rent,
392 2479 561 2539 Lucrum
585 2479 656 2538 boc
680 2477 1113 2556 Oemeroespecialem,
1136 2487 1171 2540 et
1188 2480 1352 2541 ordine-

242 2565 368 2640 „rium
402 2581 493 2625 esse
527 2563 674 2644 Regum
709 2561 916 2644 Ungariae
949 2571 1212 2642 proventum.
1249 2565 1353 2636 Quia

242 2663 392 2726 ‚‚tomen
415 2667 433 2708 a
456 2647 596 2710 multis
619 2648 711 2709 inde
739 2649 860 2710 annis
889 2648 947 2710 ita
976 2667 1134 2731 semper
1157 2650 1350 2712 observu-

242 2744 343 2813 „tum
367 2733 499 2794 luisse
537 2736 822 2811 recordantur,
858 2742 898 2794 ut
921 2734 1063 2797 oblato
1095 2755 1166 2816 per
1197 2737 1349 2816 Regni-

243 2819 376 2898 „coles
399 2818 581 2899 Regibus
604 2819 811 2896 subsidio,
841 2817 1018 2882 Lucrum
1038 2820 1226 2884 Gamerae
1250 2841 1353 2883 sem·

244 2924 333 2985 „per
354 2904 464 2965 intre
485 2902 592 2965 illud
623 2904 751 2966 luerit
780 2913 1066 2984 computatum,
1096 2915 1133 2968 et
1155 2926 1351 2986 nunquam

245 2989 442 3065 „seorsim
474 3007 556 3049 cum
580 2989 774 3050 subsidio
799 2998 998 3063 exactum3
1022 2992 1092 3051 ideo
1116 3011 1252 3052 nenune
1276 2994 1351 3071 qui-

244 3076 333 3151 „dem
358 3073 523 3152 quidquam
546 3092 564 3132 a
588 3074 684 3133 veteri
714 3075 776 3134 ista
807 3075 1030 3134 consuetudine
1060 3076 1218 3137 immutari
1250 3096 1354 3155 posse.

244 3160 366 3238 „Atque
388 3167 553 3239 propterea
577 3159 689 3220 Sacrae
711 3155 873 3240 Majestati
897 3157 1068 3221 Caesareae
1084 3159 1254 3222 humillime
1272 3181 1355 3242 sup-

244 3242 477 3325 „plicaverunt‚
501 3245 682 3325 dignaretur
705 3244 793 3323 ipsos
817 3245 848 3305 in
874 3245 971 3305 veteri
998 3243 1059 3307 isto
1083 3264 1167 3307 more
1191 3245 1356 3308 elementer

245 3349 469 3408 „conservareq
501 3329 665 3409 ipsumque
686 3328 824 3392 Lucrum
858 3330 1006 3393 Gamerae
1035 3331 1118 3392 intra
1142 3332 1239 3393 dicam
1263 3333 1355 3394 obla-

245 3425 328 3495 „tam
361 3423 570 3496 computatum
605 3423 773 3494 acceptare.
818 3415 858 3476 Id
893 3418 998 3495 quod
1030 3415 1238 3500 Majestas
1277 3420 1357 3480 Sue

245 3502 467 3580 „Caesares
489 3499 709 3562 clementer
731 3500 910 3565 admisit.
934 3501 982 3562 lta
1004 3509 1117 3577 tamem
1141 3503 1226 3564 utin
1247 3514 1356 3581 poste·

245 3608 336 3668 „rum
360 3587 391 3647 id
414 3586 534 3647 lucrum
558 3583 691 3665 singulis
712 3586 803 3648 annis
817 3584 908 3668 juxta
926 3587 1082 3666 antiquam
1102 3589 1356 3652 consuetudinem

245 3673 429 3754 „exigetur,
461 3671 490 3731 si
522 3673 643 3750 quaudo
675 3672 865 3752 contingeret
895 3669 996 3752 (quod
1025 3674 1164 3753 proxime
1187 3675 1355 3754 praeterito

247 3755 474 3839 „quadriennio
499 3755 649 3838 contigit)
674 3775 866 3837 perannum
891 3757 1074 3839 quempiam,
1098 3759 1148 3822 vel
1171 3780 1226 3842 per
1249 3760 1355 3842 plures

250 3862 372 3922 „annos
395 3841 512 3904 nullam
535 3843 634 3903 dicam
656 3843 844 3922 publicari.“

686 3975 722 4060 §.
747 3977 838 4050 606.
893 4025 896 4031 -

638 4076 884 4150 Contrz'butt'a

244 4175 246 4180 ¹
268 4199 501 4291 Contributio,
517 4221 608 4296 quae
630 4200 709 4289 hac,
729 4200 790 4274 vel
807 4202 917 4274 Dicae
927 4200 969 4294 *J
990 4201 1053 4276 sub
1073 4197 1357 4275 denominatione

172 4317 374 4340 ——----

162 4369 165 4376 ’
193 4372 216 4439 ι)
235 4375 266 4426 lu
284 4372 406 4426 Discere.
428 4372 460 4426 de
477 4371 604 4426 Prioratu
622 4374 750 4429 Aurorae
768 4387 794 4440 p.
812 4375 855 4429 te.
