<?xml version="1.0" encoding="UTF-8"?>
<!DOCTYPE html PUBLIC "-//W3C//DTD XHTML 1.0 Transitional//EN"
    "http://www.w3.org/TR/xhtml1/DTD/xhtml1-transitional.dtd">
<html xmlns="http://www.w3.org/1999/xhtml" xml:lang="en" lang="en">
 <head>
  <title>
</title>
<meta http-equiv="Content-Type" content="text/html;charset=utf-8" />
  <meta name='ocr-system' content='tesseract 3.04.00' />
  <meta name='ocr-capabilities' content='ocr_page ocr_carea ocr_par ocr_line ocrx_word'/>
</head>
<body>
  <div class='ocr_page' id='page_1' title='image "./conspectusjuris00czirgoog_0209.png"; bbox 0 0 3158 4864; ppageno 0'>
   <div class='ocr_carea' id='block_1_1' title="bbox 532 475 992 692">
    <p class='ocr_par' dir='ltr' id='par_1_1' title="bbox 532 475 992 692">
     <span class='ocr_line' id='line_1_1' title="bbox 719 477 841 550; baseline 0 -4"><span class='ocrx_word' id='word_1_1' title='bbox 719 528 727 546; x_wconf 91' lang='lat'><strong>.</strong></span> <span class='ocrx_word' id='word_1_2' title='bbox 756 477 841 550; x_wconf 80' lang='lat'><strong>217.</strong></span> 
     </span>
     <span class='ocr_line' id='line_1_2' title="bbox 532 475 992 692; baseline 0 -18"><span class='ocrx_word' id='word_1_3' title='bbox 532 475 844 674; x_wconf 61' lang='lat' dir='ltr'><strong>Loccmtbnenrsa</strong></span> <span class='ocrx_word' id='word_1_4' title='bbox 860 603 992 692; x_wconf 69' lang='lat' dir='ltr'><strong>nepio.</strong></span> 
     </span>
    </p>
   </div>
   <div class='ocr_carea' id='block_1_2' title="bbox 165 725 1370 2135">
    <p class='ocr_par' dir='ltr' id='par_1_2' title="bbox 165 725 1370 2135">
     <span class='ocr_line' id='line_1_3' title="bbox 271 725 1363 820; baseline 0 -24"><span class='ocrx_word' id='word_1_5' title='bbox 271 725 583 797; x_wconf 87' lang='lat' dir='ltr'><strong>Loonmtcnentiae</strong></span> <span class='ocrx_word' id='word_1_6' title='bbox 602 725 738 817; x_wconf 77' lang='lat' dir='ltr'>Regiae</span> <span class='ocrx_word' id='word_1_7' title='bbox 757 733 861 799; x_wconf 89' lang='lat' dir='ltr'><strong>vetus</strong></span> <span class='ocrx_word' id='word_1_8' title='bbox 881 734 937 797; x_wconf 89' lang='lat' dir='ltr'><strong>est</strong></span> <span class='ocrx_word' id='word_1_9' title='bbox 953 725 1109 814; x_wconf 82' lang='lat' dir='ltr'><strong>initium3</strong></span> <span class='ocrx_word' id='word_1_10' title='bbox 1138 735 1219 799; x_wconf 88' lang='lat' dir='ltr'><strong>sunt</strong></span> <span class='ocrx_word' id='word_1_11' title='bbox 1237 727 1295 820; x_wconf 87' lang='lat' dir='ltr'><strong>qui</strong></span> <span class='ocrx_word' id='word_1_12' title='bbox 1313 727 1363 797; x_wconf 94' lang='lat' dir='ltr'><strong>il-</strong></span> 
     </span>
     <span class='ocr_line' id='line_1_4' title="bbox 167 827 1364 922; baseline -0.002 -23"><span class='ocrx_word' id='word_1_13' title='bbox 167 828 238 900; x_wconf 92' lang='lat' dir='ltr'><strong>lam</strong></span> <span class='ocrx_word' id='word_1_14' title='bbox 264 830 341 922; x_wconf 87' lang='lat' dir='ltr'><strong>ipso</strong></span> <span class='ocrx_word' id='word_1_15' title='bbox 369 827 461 898; x_wconf 90' lang='lat' dir='ltr'><strong>bulla</strong></span> <span class='ocrx_word' id='word_1_16' title='bbox 489 847 595 898; x_wconf 89' lang='lat' dir='ltr'><strong>aurea</strong></span> <span class='ocrx_word' id='word_1_17' title='bbox 626 829 658 916; x_wconf 78' lang='lat'><strong>⁸)</strong></span> <span class='ocrx_word' id='word_1_18' title='bbox 695 848 768 898; x_wconf 93' lang='lat' dir='ltr'><strong>non</strong></span> <span class='ocrx_word' id='word_1_19' title='bbox 798 829 972 899; x_wconf 78' lang='lat' dir='ltr'><strong>contineri</strong></span> <span class='ocrx_word' id='word_1_20' title='bbox 1000 828 1129 915; x_wconf 83' lang='lat' dir='ltr'><strong>modo,</strong></span> <span class='ocrx_word' id='word_1_21' title='bbox 1167 828 1231 900; x_wconf 89' lang='lat' dir='ltr'><strong>sed</strong></span> <span class='ocrx_word' id='word_1_22' title='bbox 1259 831 1364 898; x_wconf 89' lang='lat' dir='ltr'><strong>etiam</strong></span> 
     </span>
     <span class='ocr_line' id='line_1_5' title="bbox 165 927 1363 1024; baseline -0.002 -22"><span class='ocrx_word' id='word_1_23' title='bbox 165 930 275 1020; x_wconf 88' lang='lat' dir='ltr'><strong>longe</strong></span> <span class='ocrx_word' id='word_1_24' title='bbox 302 937 405 1000; x_wconf 91' lang='lat' dir='ltr'><strong>antea</strong></span> <span class='ocrx_word' id='word_1_25' title='bbox 432 930 546 1024; x_wconf 90' lang='lat' dir='ltr'><strong>primo</strong></span> <span class='ocrx_word' id='word_1_26' title='bbox 571 928 688 1019; x_wconf 85' lang='lat' dir='ltr'>Regni</span> <span class='ocrx_word' id='word_1_27' title='bbox 713 927 936 1020; x_wconf 88' lang='lat' dir='ltr'><strong>Magistratui</strong></span> <span class='ocrx_word' id='word_1_28' title='bbox 959 931 1173 1022; x_wconf 76' lang='lat' dir='ltr'><strong>assignatam</strong></span> <span class='ocrx_word' id='word_1_29' title='bbox 1205 951 1363 1000; x_wconf 89' lang='lat' dir='ltr'><strong>censue-</strong></span> 
     </span>
     <span class='ocr_line' id='line_1_6' title="bbox 168 1029 1365 1123; baseline 0 -22"><span class='ocrx_word' id='word_1_30' title='bbox 168 1040 261 1102; x_wconf 90' lang='lat' dir='ltr'><strong>runt.</strong></span> <span class='ocrx_word' id='word_1_31' title='bbox 289 1030 386 1102; x_wconf 82' lang='lat' dir='ltr'>Istud</span> <span class='ocrx_word' id='word_1_32' title='bbox 403 1039 496 1102; x_wconf 88' lang='lat' dir='ltr'><strong>utut</strong></span> <span class='ocrx_word' id='word_1_33' title='bbox 524 1033 561 1101; x_wconf 94' lang='lat' dir='ltr'><strong>in</strong></span> <span class='ocrx_word' id='word_1_34' title='bbox 587 1029 702 1102; x_wconf 89' lang='lat' dir='ltr'><strong>medio</strong></span> <span class='ocrx_word' id='word_1_35' title='bbox 722 1030 925 1123; x_wconf 90' lang='lat' dir='ltr'><strong>relinquere</strong></span> <span class='ocrx_word' id='word_1_36' title='bbox 950 1031 1087 1119; x_wconf 92' lang='lat' dir='ltr'><strong>malim,</strong></span> <span class='ocrx_word' id='word_1_37' title='bbox 1115 1030 1228 1102; x_wconf 90' lang='lat' dir='ltr'><strong>fuisse</strong></span> <span class='ocrx_word' id='word_1_38' title='bbox 1248 1040 1365 1102; x_wconf 90' lang='lat' dir='ltr'><strong>tamen</strong></span> 
     </span>
     <span class='ocr_line' id='line_1_7' title="bbox 168 1130 1365 1226; baseline -0.002 -22"><span class='ocrx_word' id='word_1_39' title='bbox 168 1153 293 1204; x_wconf 88' lang='lat' dir='ltr'><strong>munus</strong></span> <span class='ocrx_word' id='word_1_40' title='bbox 313 1131 380 1204; x_wconf 92' lang='lat' dir='ltr'><strong>hoc</strong></span> <span class='ocrx_word' id='word_1_41' title='bbox 405 1133 477 1221; x_wconf 90' lang='lat' dir='ltr'><strong>jam</strong></span> <span class='ocrx_word' id='word_1_42' title='bbox 503 1130 625 1206; x_wconf 90' lang='lat' dir='ltr'><strong>seculo</strong></span> <span class='ocrx_word' id='word_1_43' title='bbox 646 1131 907 1204; x_wconf 91' lang='lat' dir='ltr'><strong>decimotertio</strong></span> <span class='ocrx_word' id='word_1_44' title='bbox 938 1134 975 1204; x_wconf 92' lang='lat' dir='ltr'><strong>in</strong></span> <span class='ocrx_word' id='word_1_45' title='bbox 992 1131 1170 1226; x_wconf 88' lang='lat' dir='ltr'><strong>Hungaria</strong></span> <span class='ocrx_word' id='word_1_46' title='bbox 1190 1154 1262 1206; x_wconf 91' lang='lat' dir='ltr'><strong>non</strong></span> <span class='ocrx_word' id='word_1_47' title='bbox 1281 1135 1365 1225; x_wconf 91' lang='lat' dir='ltr'><strong>qui-</strong></span> 
     </span>
     <span class='ocr_line' id='line_1_8' title="bbox 173 1232 1365 1327; baseline -0.002 -21"><span class='ocrx_word' id='word_1_48' title='bbox 173 1234 251 1306; x_wconf 92' lang='lat' dir='ltr'><strong>dem</strong></span> <span class='ocrx_word' id='word_1_49' title='bbox 277 1236 479 1322; x_wconf 87' lang='lat' dir='ltr'><strong>nomine,</strong></span> <span class='ocrx_word' id='word_1_50' title='bbox 516 1232 580 1305; x_wconf 88' lang='lat' dir='ltr'><strong>sed</strong></span> <span class='ocrx_word' id='word_1_51' title='bbox 605 1254 654 1304; x_wconf 88' lang='lat' dir='ltr'><strong>re</strong></span> <span class='ocrx_word' id='word_1_52' title='bbox 678 1232 769 1304; x_wconf 91' lang='lat' dir='ltr'><strong>baud</strong></span> <span class='ocrx_word' id='word_1_53' title='bbox 797 1235 1036 1326; x_wconf 90' lang='lat' dir='ltr'><strong>incognitum,</strong></span> <span class='ocrx_word' id='word_1_54' title='bbox 1069 1237 1134 1306; x_wconf 86' lang='lat' dir='ltr'><strong>vix</strong></span> <span class='ocrx_word' id='word_1_55' title='bbox 1161 1244 1240 1322; x_wconf 89' lang='lat' dir='ltr'><strong>cst,</strong></span> <span class='ocrx_word' id='word_1_56' title='bbox 1269 1233 1365 1327; x_wconf 91' lang='lat' dir='ltr'><strong>quod</strong></span> 
     </span>
     <span class='ocr_line' id='line_1_9' title="bbox 174 1333 1366 1428; baseline -0.002 -22"><span class='ocrx_word' id='word_1_57' title='bbox 174 1335 381 1408; x_wconf 88' lang='lat' dir='ltr'><strong>dubitemus.</strong></span> <span class='ocrx_word' id='word_1_58' title='bbox 409 1335 530 1427; x_wconf 89' lang='lat' dir='ltr'><strong>Reges</strong></span> <span class='ocrx_word' id='word_1_59' title='bbox 552 1333 689 1408; x_wconf 90' lang='lat' dir='ltr'><strong>scilicet</strong></span> <span class='ocrx_word' id='word_1_60' title='bbox 706 1356 859 1428; x_wconf 86' lang='lat' dir='ltr'><strong>peregre</strong></span> <span class='ocrx_word' id='word_1_61' title='bbox 878 1333 1094 1428; x_wconf 81' lang='lat' dir='ltr'><strong>profecturi,</strong></span> <span class='ocrx_word' id='word_1_62' title='bbox 1121 1336 1181 1406; x_wconf 89' lang='lat' dir='ltr'><strong>vel</strong></span> <span class='ocrx_word' id='word_1_63' title='bbox 1210 1336 1366 1428; x_wconf 90' lang='lat' dir='ltr'><strong>alioquin</strong></span> 
     </span>
     <span class='ocr_line' id='line_1_10' title="bbox 172 1435 1367 1532; baseline -0.002 -24"><span class='ocrx_word' id='word_1_64' title='bbox 172 1435 329 1532; x_wconf 89' lang='lat' dir='ltr'><strong>impediti</strong></span> <span class='ocrx_word' id='word_1_65' title='bbox 357 1459 422 1531; x_wconf 91' lang='lat' dir='ltr'><strong>pro</strong></span> <span class='ocrx_word' id='word_1_66' title='bbox 442 1457 507 1509; x_wconf 90' lang='lat' dir='ltr'><strong>suo</strong></span> <span class='ocrx_word' id='word_1_67' title='bbox 536 1437 605 1531; x_wconf 91' lang='lat' dir='ltr'><strong>ipsi</strong></span> <span class='ocrx_word' id='word_1_68' title='bbox 635 1436 777 1506; x_wconf 90' lang='lat' dir='ltr'><strong>arbitrio</strong></span> <span class='ocrx_word' id='word_1_69' title='bbox 797 1435 914 1528; x_wconf 89' lang='lat' dir='ltr'><strong>Regni</strong></span> <span class='ocrx_word' id='word_1_70' title='bbox 942 1436 1279 1509; x_wconf 89' lang='lat' dir='ltr'><strong>administrationem</strong></span> <span class='ocrx_word' id='word_1_71' title='bbox 1296 1435 1367 1506; x_wconf 90' lang='lat' dir='ltr'><strong>Vi-</strong></span> 
     </span>
     <span class='ocr_line' id='line_1_11' title="bbox 173 1537 1367 1633; baseline -0.002 -25"><span class='ocrx_word' id='word_1_72' title='bbox 173 1543 223 1612; x_wconf 87' lang='lat' dir='ltr'><strong>ris</strong></span> <span class='ocrx_word' id='word_1_73' title='bbox 252 1541 288 1611; x_wconf 93' lang='lat' dir='ltr'><strong>in</strong></span> <span class='ocrx_word' id='word_1_74' title='bbox 312 1537 493 1633; x_wconf 80' lang='lat' dir='ltr'><strong>republica</strong></span> <span class='ocrx_word' id='word_1_75' title='bbox 526 1540 727 1632; x_wconf 79' lang='lat' dir='ltr'><strong>conspicuis</strong></span> <span class='ocrx_word' id='word_1_76' title='bbox 757 1537 801 1607; x_wconf 91' lang='lat' dir='ltr'><strong>ad</strong></span> <span class='ocrx_word' id='word_1_77' title='bbox 823 1546 960 1631; x_wconf 88' lang='lat' dir='ltr'><strong>tempus</strong></span> <span class='ocrx_word' id='word_1_78' title='bbox 987 1537 1269 1626; x_wconf 82' lang='lat' dir='ltr'><strong>concredebant,</strong></span> <span class='ocrx_word' id='word_1_79' title='bbox 1307 1537 1367 1630; x_wconf 91' lang='lat' dir='ltr'><strong>qui</strong></span> 
     </span>
     <span class='ocr_line' id='line_1_12' title="bbox 174 1636 1367 1734; baseline -0.003 -22"><span class='ocrx_word' id='word_1_80' title='bbox 174 1639 578 1734; x_wconf 86' lang='lat' dir='ltr'><strong>Vicariiquandoquc</strong></span> <span class='ocrx_word' id='word_1_81' title='bbox 608 1636 673 1728; x_wconf 70' lang='lat'><strong>⁴⁵),</strong></span> <span class='ocrx_word' id='word_1_82' title='bbox 702 1649 829 1734; x_wconf 87' lang='lat' dir='ltr'><strong>postea</strong></span> <span class='ocrx_word' id='word_1_83' title='bbox 854 1637 1367 1712; x_wconf 88' lang='lat' dir='ltr'><strong>LocnmtenontcsRe-</strong></span> 
     </span>
     <span class='ocr_line' id='line_1_13' title="bbox 176 1739 1368 1837; baseline -0.003 -23"><span class='ocrx_word' id='word_1_84' title='bbox 176 1745 247 1834; x_wconf 87' lang='lat' dir='ltr'><strong>gii</strong></span> <span class='ocrx_word' id='word_1_85' title='bbox 266 1742 467 1837; x_wconf 91' lang='lat' dir='ltr'><strong>compellati</strong></span> <span class='ocrx_word' id='word_1_86' title='bbox 486 1751 576 1814; x_wconf 89' lang='lat' dir='ltr'><strong>sunt.</strong></span> <span class='ocrx_word' id='word_1_87' title='bbox 588 1740 634 1812; x_wconf 92' lang='lat' dir='ltr'><strong>Ut</strong></span> <span class='ocrx_word' id='word_1_88' title='bbox 652 1740 839 1836; x_wconf 89' lang='lat' dir='ltr'><strong>quodpiam</strong></span> <span class='ocrx_word' id='word_1_89' title='bbox 858 1762 878 1810; x_wconf 93' lang='lat' dir='ltr'><strong>e</strong></span> <span class='ocrx_word' id='word_1_90' title='bbox 896 1743 1148 1813; x_wconf 87' lang='lat' dir='ltr'><strong>vetustissimis</strong></span> <span class='ocrx_word' id='word_1_91' title='bbox 1168 1739 1368 1836; x_wconf 82' lang='lat' dir='ltr'><strong>exemplum</strong></span> 
     </span>
     <span class='ocr_line' id='line_1_14' title="bbox 178 1841 1369 1936; baseline -0.002 -22"><span class='ocrx_word' id='word_1_92' title='bbox 178 1842 366 1931; x_wconf 75' lang='lat' dir='ltr'><strong>adducam,</strong></span> <span class='ocrx_word' id='word_1_93' title='bbox 405 1841 568 1914; x_wconf 83' lang='lat' dir='ltr'><strong>Andreas</strong></span> <span class='ocrx_word' id='word_1_94' title='bbox 597 1841 640 1912; x_wconf 96' lang='lat' dir='ltr'><strong>ll.</strong></span> <span class='ocrx_word' id='word_1_95' title='bbox 669 1844 738 1911; x_wconf 91' lang='lat' dir='ltr'><strong>iter</strong></span> <span class='ocrx_word' id='word_1_96' title='bbox 771 1841 1130 1936; x_wconf 79' lang='lat' dir='ltr'><strong>Hierosolymitanum</strong></span> <span class='ocrx_word' id='word_1_97' title='bbox 1160 1862 1369 1936; x_wconf 81' lang='lat' dir='ltr'><strong>aggressus,</strong></span> 
     </span>
     <span class='ocr_line' id='line_1_15' title="bbox 178 1940 1369 2037; baseline -0.002 -22"><span class='ocrx_word' id='word_1_98' title='bbox 178 1966 296 2015; x_wconf 89' lang='lat' dir='ltr'><strong>curam</strong></span> <span class='ocrx_word' id='word_1_99' title='bbox 313 1942 514 2034; x_wconf 90' lang='lat' dir='ltr'><strong>Hungariae</strong></span> <span class='ocrx_word' id='word_1_100' title='bbox 534 1942 663 2012; x_wconf 82' lang='lat' dir='ltr'><strong>loanni</strong></span> <span class='ocrx_word' id='word_1_101' title='bbox 679 1940 992 2037; x_wconf 86' lang='lat' dir='ltr'><strong>Archi-Episcopo</strong></span> <span class='ocrx_word' id='word_1_102' title='bbox 1011 1943 1260 2035; x_wconf 73' lang='lat' dir='ltr'><strong>strigoniensi,</strong></span> <span class='ocrx_word' id='word_1_103' title='bbox 1278 1942 1369 2013; x_wconf 89' lang='lat' dir='ltr'><strong>Dal-</strong></span> 
     </span>
     <span class='ocr_line' id='line_1_16' title="bbox 178 2038 1370 2135; baseline 0 -21"><span class='ocrx_word' id='word_1_104' title='bbox 178 2046 305 2114; x_wconf 89' lang='lat' dir='ltr'><strong>matiae</strong></span> <span class='ocrx_word' id='word_1_105' title='bbox 322 2064 411 2115; x_wconf 84' lang='lat' dir='ltr'><strong>vero</strong></span> <span class='ocrx_word' id='word_1_106' title='bbox 423 2043 548 2113; x_wconf 91' lang='lat' dir='ltr'><strong>Pontio</strong></span> <span class='ocrx_word' id='word_1_107' title='bbox 569 2041 612 2111; x_wconf 92' lang='lat' dir='ltr'><strong>de</strong></span> <span class='ocrx_word' id='word_1_108' title='bbox 631 2038 743 2112; x_wconf 82' lang='lat' dir='ltr'><strong>Cruoe</strong></span> <span class='ocrx_word' id='word_1_109' title='bbox 762 2039 907 2111; x_wconf 79' lang='lat' dir='ltr'><strong>Militiae</strong></span> <span class='ocrx_word' id='word_1_110' title='bbox 921 2042 1058 2135; x_wconf 80' lang='lat' dir='ltr'><strong>Templi</strong></span> <span class='ocrx_word' id='word_1_111' title='bbox 1075 2043 1246 2134; x_wconf 87' lang='lat' dir='ltr'><strong>Magistro</strong></span> <span class='ocrx_word' id='word_1_112' title='bbox 1267 2066 1370 2115; x_wconf 91' lang='lat' dir='ltr'><strong>com-</strong></span> 
     </span>
    </p>
   </div>
   <div class='ocr_carea' id='block_1_3' title="bbox 178 2139 1373 2442">
    <p class='ocr_par' dir='ltr' id='par_1_3' title="bbox 178 2139 1373 2442">
     <span class='ocr_line' id='line_1_17' title="bbox 179 2139 1369 2234; baseline -0.002 -18"><span class='ocrx_word' id='word_1_113' title='bbox 179 2143 357 2218; x_wconf 82' lang='lat' dir='ltr'><strong>mendauit</strong></span> <span class='ocrx_word' id='word_1_114' title='bbox 385 2143 432 2234; x_wconf 86' lang='lat' dir='ltr'><strong>b).</strong></span> <span class='ocrx_word' id='word_1_115' title='bbox 461 2141 583 2216; x_wconf 87' lang='lat' dir='ltr'><strong>Serius</strong></span> <span class='ocrx_word' id='word_1_116' title='bbox 602 2141 762 2214; x_wconf 76' lang='lat' dir='ltr'><strong>mamus</strong></span> <span class='ocrx_word' id='word_1_117' title='bbox 790 2139 816 2212; x_wconf 92' lang='grc' dir='ltr'><strong>Ι.</strong></span> <span class='ocrx_word' id='word_1_118' title='bbox 845 2144 947 2214; x_wconf 85' lang='lat' dir='ltr'><strong>vices</strong></span> <span class='ocrx_word' id='word_1_119' title='bbox 976 2163 1080 2232; x_wconf 89' lang='lat' dir='ltr'><strong>suas,</strong></span> <span class='ocrx_word' id='word_1_120' title='bbox 1109 2141 1187 2212; x_wconf 93' lang='lat' dir='ltr'><strong>dum</strong></span> <span class='ocrx_word' id='word_1_121' title='bbox 1215 2143 1369 2231; x_wconf 89' lang='lat' dir='ltr'><strong>abesset,</strong></span> 
     </span>
     <span class='ocr_line' id='line_1_18' title="bbox 178 2242 1371 2339; baseline -0.004 -21"><span class='ocrx_word' id='word_1_122' title='bbox 178 2244 323 2318; x_wconf 90' lang='lat' dir='ltr'><strong>Urbano</strong></span> <span class='ocrx_word' id='word_1_123' title='bbox 350 2245 475 2339; x_wconf 83' lang='lat' dir='ltr'><strong>Ddcny</strong></span> <span class='ocrx_word' id='word_1_124' title='bbox 509 2243 688 2339; x_wconf 88' lang='lat' dir='ltr'><strong>Episcopo</strong></span> <span class='ocrx_word' id='word_1_125' title='bbox 715 2244 886 2336; x_wconf 85' lang='lat' dir='ltr'><strong>Agriensi</strong></span> <span class='ocrx_word' id='word_1_126' title='bbox 914 2242 1199 2318; x_wconf 79' lang='lat' dir='ltr'><strong>locumtenentis</strong></span> <span class='ocrx_word' id='word_1_127' title='bbox 1228 2247 1371 2317; x_wconf 90' lang='lat' dir='ltr'><strong>nomine</strong></span> 
     </span>
     <span class='ocr_line' id='line_1_19' title="bbox 181 2344 1373 2442; baseline -0.001 -23"><span class='ocrx_word' id='word_1_128' title='bbox 181 2346 360 2419; x_wconf 89' lang='lat' dir='ltr'><strong>obeundas</strong></span> <span class='ocrx_word' id='word_1_129' title='bbox 386 2348 610 2420; x_wconf 89' lang='lat' dir='ltr'><strong>commiserat</strong></span> <span class='ocrx_word' id='word_1_130' title='bbox 634 2347 685 2437; x_wconf 80' lang='lat'><strong>⁰).</strong></span> <span class='ocrx_word' id='word_1_131' title='bbox 713 2345 919 2419; x_wconf 90' lang='lat' dir='ltr'><strong>Recentiori</strong></span> <span class='ocrx_word' id='word_1_132' title='bbox 945 2345 1086 2418; x_wconf 89' lang='lat' dir='ltr'><strong>tandem</strong></span> <span class='ocrx_word' id='word_1_133' title='bbox 1117 2357 1277 2442; x_wconf 90' lang='lat' dir='ltr'><strong>tempore</strong></span> <span class='ocrx_word' id='word_1_134' title='bbox 1307 2344 1373 2419; x_wconf 92' lang='lat' dir='ltr'><strong>sub</strong></span> 
     </span>
    </p>
   </div>
   <div class='ocr_carea' id='block_1_4' title="bbox 180 2445 1377 3354">
    <p class='ocr_par' dir='ltr' id='par_1_4' title="bbox 180 2445 1377 3354">
     <span class='ocr_line' id='line_1_20' title="bbox 180 2445 1372 2544; baseline -0.003 -23"><span class='ocrx_word' id='word_1_135' title='bbox 180 2448 398 2544; x_wconf 88' lang='lat' dir='ltr'><strong>Principibus</strong></span> <span class='ocrx_word' id='word_1_136' title='bbox 427 2449 646 2537; x_wconf 84' lang='lat' dir='ltr'><strong>Austriacis,</strong></span> <span class='ocrx_word' id='word_1_137' title='bbox 673 2446 821 2520; x_wconf 88' lang='lat' dir='ltr'><strong>Palatini</strong></span> <span class='ocrx_word' id='word_1_138' title='bbox 849 2445 1019 2521; x_wconf 90' lang='lat' dir='ltr'><strong>subsellio</strong></span> <span class='ocrx_word' id='word_1_139' title='bbox 1050 2447 1179 2520; x_wconf 90' lang='lat' dir='ltr'><strong>diutius</strong></span> <span class='ocrx_word' id='word_1_140' title='bbox 1206 2457 1372 2536; x_wconf 88' lang='lat' dir='ltr'><strong>vacante,</strong></span> 
     </span>
     <span class='ocr_line' id='line_1_21' title="bbox 182 2547 1372 2640; baseline -0.003 -17"><span class='ocrx_word' id='word_1_141' title='bbox 182 2555 330 2623; x_wconf 88' lang='lat' dir='ltr'><strong>seorsim</strong></span> <span class='ocrx_word' id='word_1_142' title='bbox 349 2550 644 2624; x_wconf 82' lang='lat' dir='ltr'><strong>locumtenentes</strong></span> <span class='ocrx_word' id='word_1_143' title='bbox 662 2548 798 2640; x_wconf 89' lang='lat' dir='ltr'><strong>Regios</strong></span> <span class='ocrx_word' id='word_1_144' title='bbox 818 2547 941 2622; x_wconf 87' lang='lat' dir='ltr'><strong>ordine</strong></span> <span class='ocrx_word' id='word_1_145' title='bbox 969 2553 1169 2623; x_wconf 86' lang='lat' dir='ltr'><strong>nominatos</strong></span> <span class='ocrx_word' id='word_1_146' title='bbox 1189 2572 1236 2622; x_wconf 88' lang='lat' dir='ltr'><strong>ex</strong></span> <span class='ocrx_word' id='word_1_147' title='bbox 1252 2549 1372 2621; x_wconf 87' lang='lat' dir='ltr'><strong>bisto-</strong></span> 
     </span>
     <span class='ocr_line' id='line_1_22' title="bbox 180 2647 1373 2747; baseline -0.001 -25"><span class='ocrx_word' id='word_1_148' title='bbox 180 2653 233 2724; x_wconf 91' lang='lat' dir='ltr'><strong>ria</strong></span> <span class='ocrx_word' id='word_1_149' title='bbox 253 2651 437 2740; x_wconf 88' lang='lat' dir='ltr'><strong>discimus,</strong></span> <span class='ocrx_word' id='word_1_150' title='bbox 465 2655 525 2745; x_wconf 91' lang='lat' dir='ltr'><strong>qui</strong></span> <span class='ocrx_word' id='word_1_151' title='bbox 543 2651 683 2747; x_wconf 91' lang='lat' dir='ltr'><strong>quidem</strong></span> <span class='ocrx_word' id='word_1_152' title='bbox 699 2650 930 2745; x_wconf 89' lang='lat' dir='ltr'><strong>plerumque,</strong></span> <span class='ocrx_word' id='word_1_153' title='bbox 959 2652 1036 2725; x_wconf 89' lang='lat' dir='ltr'><strong>sola</strong></span> <span class='ocrx_word' id='word_1_154' title='bbox 1054 2673 1147 2747; x_wconf 94' lang='lat' dir='ltr'><strong>pene</strong></span> <span class='ocrx_word' id='word_1_155' title='bbox 1165 2652 1281 2744; x_wconf 88' lang='lat' dir='ltr'><strong>Regni</strong></span> <span class='ocrx_word' id='word_1_156' title='bbox 1299 2647 1373 2722; x_wconf 83' lang='lat' dir='ltr'><strong>Ga·-</strong></span> 
     </span>
     <span class='ocr_line' id='line_1_23' title="bbox 180 2752 1374 2849; baseline -0.002 -25"><span class='ocrx_word' id='word_1_157' title='bbox 180 2755 313 2849; x_wconf 87' lang='lat' dir='ltr'><strong>pitanci</strong></span> <span class='ocrx_word' id='word_1_158' title='bbox 348 2753 514 2848; x_wconf 80' lang='lat' dir='ltr'><strong>pro&#39;edria</strong></span> <span class='ocrx_word' id='word_1_159' title='bbox 553 2753 691 2841; x_wconf 89' lang='lat' dir='ltr'><strong>demta,</strong></span> <span class='ocrx_word' id='word_1_160' title='bbox 731 2755 884 2824; x_wconf 88' lang='lat' dir='ltr'><strong>caeteris</strong></span> <span class='ocrx_word' id='word_1_161' title='bbox 912 2752 1061 2825; x_wconf 89' lang='lat' dir='ltr'><strong>Palatini</strong></span> <span class='ocrx_word' id='word_1_162' title='bbox 1098 2754 1374 2849; x_wconf 84' lang='lat' dir='ltr'><strong>praerogativis,</strong></span> 
     </span>
     <span class='ocr_line' id='line_1_24' title="bbox 184 2854 1376 2949; baseline -0.003 -22"><span class='ocrx_word' id='word_1_163' title='bbox 184 2858 347 2949; x_wconf 88' lang='lat' dir='ltr'><strong>omnique</strong></span> <span class='ocrx_word' id='word_1_164' title='bbox 366 2854 444 2927; x_wconf 89' lang='lat' dir='ltr'><strong>fere</strong></span> <span class='ocrx_word' id='word_1_165' title='bbox 457 2854 722 2942; x_wconf 88' lang='lat' dir='ltr'><strong>Jnrisdictione,</strong></span> <span class='ocrx_word' id='word_1_166' title='bbox 736 2856 899 2948; x_wconf 87' lang='lat' dir='ltr'><strong>praecise</strong></span> <span class='ocrx_word' id='word_1_167' title='bbox 918 2864 1035 2927; x_wconf 89' lang='lat' dir='ltr'><strong>tamen</strong></span> <span class='ocrx_word' id='word_1_168' title='bbox 1054 2875 1101 2926; x_wconf 85' lang='lat' dir='ltr'><strong>ax</strong></span> <span class='ocrx_word' id='word_1_169' title='bbox 1119 2855 1262 2926; x_wconf 84' lang='lat' dir='ltr'><strong>arbitrio</strong></span> <span class='ocrx_word' id='word_1_170' title='bbox 1283 2874 1376 2925; x_wconf 79' lang='lat' dir='ltr'><strong>oon-</strong></span> 
     </span>
     <span class='ocr_line' id='line_1_25' title="bbox 182 2952 1377 3052; baseline -0.003 -24"><span class='ocrx_word' id='word_1_171' title='bbox 182 2954 330 3029; x_wconf 81' lang='lat' dir='ltr'><strong>ferentis</strong></span> <span class='ocrx_word' id='word_1_172' title='bbox 357 2957 532 3052; x_wconf 91' lang='lat' dir='ltr'><strong>Principis</strong></span> <span class='ocrx_word' id='word_1_173' title='bbox 562 2955 770 3050; x_wconf 86' lang='lat' dir='ltr'><strong>gaudebant.</strong></span> <span class='ocrx_word' id='word_1_174' title='bbox 799 2952 851 3026; x_wconf 89' lang='lat' dir='ltr'><strong>Eo</strong></span> <span class='ocrx_word' id='word_1_175' title='bbox 884 2955 997 3028; x_wconf 91' lang='lat' dir='ltr'><strong>adbuc</strong></span> <span class='ocrx_word' id='word_1_176' title='bbox 1024 2957 1217 3029; x_wconf 89' lang='lat' dir='ltr'><strong>accedente</strong></span> <span class='ocrx_word' id='word_1_177' title='bbox 1246 2956 1377 3026; x_wconf 89' lang='lat' dir='ltr'><strong>discri-</strong></span> 
     </span>
     <span class='ocr_line' id='line_1_26' title="bbox 180 3057 1377 3153; baseline -0.004 -25"><span class='ocrx_word' id='word_1_178' title='bbox 180 3059 296 3146; x_wconf 88' lang='lat' dir='ltr'><strong>mine,</strong></span> <span class='ocrx_word' id='word_1_179' title='bbox 324 3058 419 3151; x_wconf 78' lang='lat' dir='ltr'><strong>quod</strong></span> <span class='ocrx_word' id='word_1_180' title='bbox 447 3057 491 3130; x_wconf 89' lang='lat' dir='ltr'><strong>ad</strong></span> <span class='ocrx_word' id='word_1_181' title='bbox 518 3079 593 3130; x_wconf 93' lang='lat' dir='ltr'><strong>rem</strong></span> <span class='ocrx_word' id='word_1_182' title='bbox 617 3057 819 3147; x_wconf 78' lang='lat' dir='ltr'><strong>iudicialem</strong></span> <span class='ocrx_word' id='word_1_183' title='bbox 846 3058 1129 3153; x_wconf 91' lang='lat' dir='ltr'><strong>prosequendam</strong></span> <span class='ocrx_word' id='word_1_184' title='bbox 1162 3057 1377 3151; x_wconf 89' lang='lat' dir='ltr'><strong>Propalatini</strong></span> 
     </span>
     <span class='ocr_line' id='line_1_27' title="bbox 182 3158 1376 3248; baseline -0.002 -19"><span class='ocrx_word' id='word_1_185' title='bbox 182 3158 416 3248; x_wconf 89' lang='lat' dir='ltr'><strong>adderentur,</strong></span> <span class='ocrx_word' id='word_1_186' title='bbox 444 3158 778 3231; x_wconf 78' lang='lat' dir='ltr'><strong>locumtenentibus</strong></span> <span class='ocrx_word' id='word_1_187' title='bbox 799 3178 819 3227; x_wconf 94' lang='lat' dir='ltr'><strong>e</strong></span> <span class='ocrx_word' id='word_1_188' title='bbox 838 3159 939 3231; x_wconf 85' lang='lat' dir='ltr'><strong>Statu</strong></span> <span class='ocrx_word' id='word_1_189' title='bbox 959 3160 1213 3231; x_wconf 87' lang='lat' dir='ltr'><strong>Ecclesiastico</strong></span> <span class='ocrx_word' id='word_1_190' title='bbox 1234 3159 1376 3244; x_wconf 87' lang='lat' dir='ltr'><strong>creatis,</strong></span> 
     </span>
     <span class='ocr_line' id='line_1_28' title="bbox 183 3258 1037 3354; baseline 0 -21"><span class='ocrx_word' id='word_1_191' title='bbox 183 3260 226 3333; x_wconf 92' lang='lat' dir='ltr'><strong>de</strong></span> <span class='ocrx_word' id='word_1_192' title='bbox 246 3261 370 3354; x_wconf 89' lang='lat' dir='ltr'><strong>quibus</strong></span> <span class='ocrx_word' id='word_1_193' title='bbox 387 3260 490 3353; x_wconf 90' lang='lat' dir='ltr'><strong>leges</strong></span> <span class='ocrx_word' id='word_1_194' title='bbox 509 3260 709 3354; x_wconf 86' lang='lat' dir='ltr'><strong>complures</strong></span> <span class='ocrx_word' id='word_1_195' title='bbox 736 3262 961 3353; x_wconf 91' lang='lat' dir='ltr'><strong>reperiuntur</strong></span> <span class='ocrx_word' id='word_1_196' title='bbox 991 3258 1037 3350; x_wconf 82' lang='lat'><strong>).</strong></span> 
     </span>
    </p>
   </div>
   <div class='ocr_carea' id='block_1_5' title="bbox 164 3379 1381 3979">
    <p class='ocr_par' dir='ltr' id='par_1_5' title="bbox 203 3379 1378 3466">
     <span class='ocr_line' id='line_1_29' title="bbox 203 3379 1378 3466; baseline -0.003 -20.947"><span class='ocrx_word' id='word_1_197' title='bbox 203 3379 242 3466; x_wconf 76' lang='lat'><strong>*)</strong></span> <span class='ocrx_word' id='word_1_198' title='bbox 264 3383 392 3445; x_wconf 87' lang='lat' dir='ltr'><strong>illustre</strong></span> <span class='ocrx_word' id='word_1_199' title='bbox 409 3390 602 3443; x_wconf 85' lang='lat' dir='ltr'><strong>assertorum</strong></span> <span class='ocrx_word' id='word_1_200' title='bbox 618 3380 790 3460; x_wconf 84' lang='lat' dir='ltr'><strong>exemplum</strong></span> <span class='ocrx_word' id='word_1_201' title='bbox 804 3380 943 3444; x_wconf 87' lang='lat' dir='ltr'><strong>Litterae</strong></span> <span class='ocrx_word' id='word_1_202' title='bbox 963 3381 1158 3464; x_wconf 77' lang='lat' dir='ltr'><strong>sigismundi</strong></span> <span class='ocrx_word' id='word_1_203' title='bbox 1179 3381 1276 3464; x_wconf 84' lang='lat' dir='ltr'><strong>Regis</strong></span> <span class='ocrx_word' id='word_1_204' title='bbox 1296 3399 1378 3460; x_wconf 87' lang='lat' dir='ltr'><strong>sup-</strong></span> 
     </span>
    </p>

    <p class='ocr_par' dir='ltr' id='par_1_6' title="bbox 164 3463 1377 3549">
     <span class='ocr_line' id='line_1_30' title="bbox 164 3463 1377 3549; baseline -0.003 -19"><span class='ocrx_word' id='word_1_205' title='bbox 164 3515 168 3522; x_wconf 87' lang='lat'><strong>.</strong></span> <span class='ocrx_word' id='word_1_206' title='bbox 268 3463 1377 3549; x_wconf 76' lang='lat' dir='ltr'><strong>peditantA⁰1416.unfavoremCapitulchsaprrmrcnsrseditae,</strong></span> 
     </span>
    </p>

    <p class='ocr_par' dir='ltr' id='par_1_7' title="bbox 269 3550 1378 3634">
     <span class='ocr_line' id='line_1_31' title="bbox 269 3550 1378 3634; baseline -0.006 -18"><span class='ocrx_word' id='word_1_207' title='bbox 269 3565 435 3634; x_wconf 89' lang='lat' dir='ltr'><strong>propterea</strong></span> <span class='ocrx_word' id='word_1_208' title='bbox 453 3550 544 3616; x_wconf 87' lang='lat' dir='ltr'><strong>ctiam</strong></span> <span class='ocrx_word' id='word_1_209' title='bbox 560 3554 642 3616; x_wconf 89' lang='lat' dir='ltr'><strong>baud</strong></span> <span class='ocrx_word' id='word_1_210' title='bbox 661 3551 783 3622; x_wconf 81' lang='lat' dir='ltr'><strong>obviae,</strong></span> <span class='ocrx_word' id='word_1_211' title='bbox 813 3554 894 3630; x_wconf 94' lang='lat' dir='ltr'><strong>quod</strong></span> <span class='ocrx_word' id='word_1_212' title='bbox 914 3553 1013 3612; x_wconf 84' lang='lat' dir='ltr'><strong>locum</strong></span> <span class='ocrx_word' id='word_1_213' title='bbox 1031 3552 1237 3614; x_wconf 86' lang='lat' dir='ltr'><strong>emanationis</strong></span> <span class='ocrx_word' id='word_1_214' title='bbox 1253 3551 1378 3612; x_wconf 87' lang='lat' dir='ltr'><strong>Londi-</strong></span> 
     </span>
    </p>

    <p class='ocr_par' dir='ltr' id='par_1_8' title="bbox 268 3635 1379 3720">
     <span class='ocr_line' id='line_1_32' title="bbox 268 3635 1379 3720; baseline -0.006 -18"><span class='ocrx_word' id='word_1_215' title='bbox 268 3659 341 3702; x_wconf 91' lang='lat' dir='ltr'><strong>num</strong></span> <span class='ocrx_word' id='word_1_216' title='bbox 358 3639 504 3702; x_wconf 80' lang='lat' dir='ltr'><strong>referant</strong></span> <span class='ocrx_word' id='word_1_217' title='bbox 541 3637 601 3700; x_wconf 86' lang='lat' dir='ltr'><strong>His</strong></span> <span class='ocrx_word' id='word_1_218' title='bbox 622 3640 725 3720; x_wconf 87' lang='lat' dir='ltr'><strong>itaque</strong></span> <span class='ocrx_word' id='word_1_219' title='bbox 750 3635 902 3699; x_wconf 79' lang='lat' dir='ltr'><strong>doarrnem</strong></span> <span class='ocrx_word' id='word_1_220' title='bbox 925 3637 1041 3700; x_wconf 84' lang='lat' dir='ltr'><strong>Arabi·</strong></span> <span class='ocrx_word' id='word_1_221' title='bbox 1022 3637 1234 3720; x_wconf 82' lang='lat' dir='ltr'><strong>-llpisoopum</strong></span> <span class='ocrx_word' id='word_1_222' title='bbox 1253 3635 1379 3718; x_wconf 79' lang='lat' dir='ltr'><strong>strigo-</strong></span> 
     </span>
    </p>

    <p class='ocr_par' dir='ltr' id='par_1_9' title="bbox 268 3721 1378 3808">
     <span class='ocr_line' id='line_1_33' title="bbox 268 3721 1378 3808; baseline -0.004 -21"><span class='ocrx_word' id='word_1_223' title='bbox 268 3724 407 3789; x_wconf 85' lang='lat' dir='ltr'><strong>niensem</strong></span> <span class='ocrx_word' id='word_1_224' title='bbox 436 3724 563 3808; x_wconf 87' lang='lat' dir='ltr'><strong>Regni</strong></span> <span class='ocrx_word' id='word_1_225' title='bbox 604 3725 668 3787; x_wconf 89' lang='lat' dir='ltr'><strong>sui</strong></span> <span class='ocrx_word' id='word_1_226' title='bbox 694 3721 927 3803; x_wconf 86' lang='lat' dir='ltr'><strong>Hungariae</strong></span> <span class='ocrx_word' id='word_1_227' title='bbox 954 3722 1168 3788; x_wconf 76' lang='lat' dir='ltr'><strong>vicarium</strong></span> <span class='ocrx_word' id='word_1_228' title='bbox 1210 3740 1378 3806; x_wconf 87' lang='lat' dir='ltr'><strong>gencra-</strong></span> 
     </span>
    </p>

    <p class='ocr_par' dir='ltr' id='par_1_10' title="bbox 268 3807 1381 3979">
     <span class='ocr_line' id='line_1_34' title="bbox 268 3807 1381 3891; baseline -0.004 -19"><span class='ocrx_word' id='word_1_229' title='bbox 268 3811 343 3873; x_wconf 88' lang='lat' dir='ltr'><strong>lem</strong></span> <span class='ocrx_word' id='word_1_230' title='bbox 366 3811 461 3874; x_wconf 87' lang='lat' dir='ltr'><strong>claris</strong></span> <span class='ocrx_word' id='word_1_231' title='bbox 482 3809 588 3874; x_wconf 86' lang='lat' dir='ltr'><strong>verbis</strong></span> <span class='ocrx_word' id='word_1_232' title='bbox 613 3809 779 3891; x_wconf 86' lang='lat' dir='ltr'><strong>compellat</strong></span> <span class='ocrx_word' id='word_1_233' title='bbox 809 3815 848 3885; x_wconf 56' lang='grc' dir='ltr'><strong>θ.)</strong></span> <span class='ocrx_word' id='word_1_234' title='bbox 876 3807 1060 3891; x_wconf 77' lang='lat' dir='ltr'><strong>Exemplum</strong></span> <span class='ocrx_word' id='word_1_235' title='bbox 1088 3809 1210 3887; x_wconf 86' lang='lat' dir='ltr'><strong>simila,</strong></span> <span class='ocrx_word' id='word_1_236' title='bbox 1244 3827 1280 3870; x_wconf 89' lang='lat' dir='ltr'><strong>ac</strong></span> <span class='ocrx_word' id='word_1_237' title='bbox 1303 3824 1381 3887; x_wconf 87' lang='lat' dir='ltr'><strong>ponc</strong></span> 
     </span>
     <span class='ocr_line' id='line_1_35' title="bbox 270 3894 963 3979; baseline -0.006 -19"><span class='ocrx_word' id='word_1_238' title='bbox 270 3898 376 3976; x_wconf 90' lang='lat' dir='ltr'><strong>priori</strong></span> <span class='ocrx_word' id='word_1_239' title='bbox 393 3915 541 3962; x_wconf 86' lang='lat' dir='ltr'><strong>coaevum</strong></span> <span class='ocrx_word' id='word_1_240' title='bbox 561 3895 745 3959; x_wconf 85' lang='lat' dir='ltr'><strong>Karcbclicb</strong></span> <span class='ocrx_word' id='word_1_241' title='bbox 761 3894 889 3958; x_wconf 83' lang='lat' dir='ltr'><strong>adduxit</strong></span> <span class='ocrx_word' id='word_1_242' title='bbox 922 3894 963 3979; x_wconf 77' lang='lat' dir='ltr'><strong>s).</strong></span> 
     </span>
    </p>
   </div>
   <div class='ocr_carea' id='block_1_6' title="bbox 179 4057 397 4070">
    <p class='ocr_par' dir='ltr' id='par_1_11' title="bbox 179 4057 397 4070">
     <span class='ocr_line' id='line_1_36' title="bbox 179 4057 397 4070; baseline 0 0"><span class='ocrx_word' id='word_1_243' title='bbox 179 4057 397 4070; x_wconf 72' lang='lat'><strong>—1—</strong></span> 
     </span>
    </p>
   </div>
   <div class='ocr_carea' id='block_1_7' title="bbox 214 4095 1087 4520">
    <p class='ocr_par' dir='ltr' id='par_1_12' title="bbox 215 4095 459 4158">
     <span class='ocr_line' id='line_1_37' title="bbox 215 4095 459 4158; baseline -0.018 0.274"><span class='ocrx_word' id='word_1_244' title='bbox 215 4095 337 4158; x_wconf 26' lang='lat' dir='ltr'><strong>&amp;irase</strong></span> <span class='ocrx_word' id='word_1_245' title='bbox 356 4104 416 4154; x_wconf 68' lang='lat' dir='ltr'><strong>aas.</strong></span> <span class='ocrx_word' id='word_1_246' title='bbox 436 4105 459 4154; x_wconf 85' lang='grc' dir='ltr'><strong>ι.</strong></span> 
     </span>
    </p>

    <p class='ocr_par' dir='ltr' id='par_1_13' title="bbox 214 4164 823 4237">
     <span class='ocr_line' id='line_1_38' title="bbox 214 4164 823 4237; baseline 0 -13"><span class='ocrx_word' id='word_1_247' title='bbox 214 4164 334 4236; x_wconf 64' lang='lat' dir='ltr'><strong>blessy</strong></span> <span class='ocrx_word' id='word_1_248' title='bbox 351 4172 422 4224; x_wconf 78' lang='lat' dir='ltr'><strong>ntur.</strong></span> <span class='ocrx_word' id='word_1_249' title='bbox 441 4175 509 4233; x_wconf 68' lang='lat' dir='ltr'><strong>lter.</strong></span> <span class='ocrx_word' id='word_1_250' title='bbox 527 4170 616 4235; x_wconf 73' lang='lat' dir='ltr'><strong>flung.</strong></span> <span class='ocrx_word' id='word_1_251' title='bbox 633 4170 664 4221; x_wconf 96' lang='lat' dir='ltr'><strong>P.</strong></span> <span class='ocrx_word' id='word_1_252' title='bbox 681 4171 702 4223; x_wconf 93' lang='grc' dir='ltr'><strong>Ι.</strong></span> <span class='ocrx_word' id='word_1_253' title='bbox 718 4185 744 4237; x_wconf 91' lang='lat' dir='ltr'><strong>p.</strong></span> <span class='ocrx_word' id='word_1_254' title='bbox 761 4170 823 4224; x_wconf 76' lang='lat'><strong>205</strong></span> 
     </span>
    </p>

    <p class='ocr_par' dir='ltr' id='par_1_14' title="bbox 215 4235 1087 4448">
     <span class='ocr_line' id='line_1_39' title="bbox 216 4235 1081 4310; baseline -0.002 -16.967"><span class='ocrx_word' id='word_1_255' title='bbox 216 4235 374 4302; x_wconf 78' lang='lat' dir='ltr'><strong>⁰)Palatlnl</strong></span> <span class='ocrx_word' id='word_1_256' title='bbox 392 4246 460 4310; x_wconf 79' lang='lat' dir='ltr'><strong>lleg.</strong></span> <span class='ocrx_word' id='word_1_257' title='bbox 479 4242 569 4306; x_wconf 80' lang='lat' dir='ltr'><strong>ilung.</strong></span> <span class='ocrx_word' id='word_1_258' title='bbox 588 4255 613 4306; x_wconf 93' lang='lat' dir='ltr'><strong>p.</strong></span> <span class='ocrx_word' id='word_1_259' title='bbox 632 4241 673 4293; x_wconf 86' lang='grc'><strong>99</strong></span> <span class='ocrx_word' id='word_1_260' title='bbox 692 4247 795 4308; x_wconf 85' lang='lat' dir='ltr'><strong>etseq.</strong></span> <span class='ocrx_word' id='word_1_261' title='bbox 814 4240 879 4292; x_wconf 91' lang='lat' dir='ltr'><strong>item</strong></span> <span class='ocrx_word' id='word_1_262' title='bbox 898 4239 958 4292; x_wconf 74' lang='grc'><strong>102.</strong></span> <span class='ocrx_word' id='word_1_263' title='bbox 977 4243 1081 4305; x_wconf 83' lang='lat' dir='ltr'><strong>etseq</strong></span> 
     </span>
     <span class='ocr_line' id='line_1_40' title="bbox 215 4299 1087 4380; baseline -0.006 -16"><span class='ocrx_word' id='word_1_264' title='bbox 215 4306 242 4369; x_wconf 66' lang='grc' dir='ltr'><strong>δ)</strong></span> <span class='ocrx_word' id='word_1_265' title='bbox 260 4315 290 4364; x_wconf 91' lang='lat' dir='ltr'><strong>lu</strong></span> <span class='ocrx_word' id='word_1_266' title='bbox 309 4315 393 4364; x_wconf 88' lang='lat' dir='ltr'><strong>Decr.</strong></span> <span class='ocrx_word' id='word_1_267' title='bbox 411 4311 615 4365; x_wconf 76' lang='lat' dir='ltr'><strong>Perdiuandii</strong></span> <span class='ocrx_word' id='word_1_268' title='bbox 636 4311 767 4362; x_wconf 81' lang='lat' dir='ltr'><strong>Maximii.</strong></span> <span class='ocrx_word' id='word_1_269' title='bbox 789 4317 818 4362; x_wconf 90' lang='lat' dir='ltr'><strong>et</strong></span> <span class='ocrx_word' id='word_1_270' title='bbox 836 4299 981 4380; x_wconf 77' lang='lat' dir='ltr'><strong>liudolplrl.</strong></span> <span class='ocrx_word' id='word_1_271' title='bbox 1084 4309 1087 4320; x_wconf 63' lang='lat'>¹</span> 
     </span>
     <span class='ocr_line' id='line_1_41' title="bbox 217 4377 835 4448; baseline 0.003 -16.043"><span class='ocrx_word' id='word_1_272' title='bbox 217 4377 458 4444; x_wconf 70' lang='grc' dir='ltr'><strong>ο)111ιῑοιιιι111ι1.</strong></span> <span class='ocrx_word' id='word_1_273' title='bbox 476 4382 536 4436; x_wconf 84' lang='lat' dir='ltr'><strong>crit.</strong></span> <span class='ocrx_word' id='word_1_274' title='bbox 555 4381 586 4432; x_wconf 74' lang='lat'><strong>¹1⁸.</strong></span> <span class='ocrx_word' id='word_1_275' title='bbox 605 4382 649 4435; x_wconf 69' lang='lat'><strong>12.</strong></span> <span class='ocrx_word' id='word_1_276' title='bbox 666 4395 700 4432; x_wconf 84' lang='lat' dir='ltr'><strong>ex</strong></span> <span class='ocrx_word' id='word_1_277' title='bbox 717 4383 835 4448; x_wconf 75' lang='lat' dir='ltr'><strong>Autbog.</strong></span> 
     </span>
    </p>

    <p class='ocr_par' dir='ltr' id='par_1_15' title="bbox 226 4449 727 4520">
     <span class='ocr_line' id='line_1_42' title="bbox 226 4449 727 4520; baseline -0.004 -14"><span class='ocrx_word' id='word_1_278' title='bbox 226 4449 340 4515; x_wconf 64' lang='lat' dir='ltr'><strong>‘lilios</strong></span> <span class='ocrx_word' id='word_1_279' title='bbox 359 4453 436 4508; x_wconf 72' lang='lat' dir='ltr'><strong>Becl.</strong></span> <span class='ocrx_word' id='word_1_280' title='bbox 453 4452 568 4520; x_wconf 64' lang='lat' dir='ltr'><strong>zanab.</strong></span> <span class='ocrx_word' id='word_1_281' title='bbox 587 4464 645 4518; x_wconf 79' lang='lat' dir='ltr'><strong>pag.</strong></span> <span class='ocrx_word' id='word_1_282' title='bbox 666 4451 727 4504; x_wconf 78' lang='lat'><strong>168.</strong></span> 
     </span>
    </p>
   </div>
   <div class='ocr_carea' id='block_1_8' title="bbox 0 0 1610 4864">
    <p class='ocr_par' dir='ltr' id='par_1_16' title="bbox 0 0 1610 4864">
     <span class='ocr_line' id='line_1_43' title="bbox 0 0 1610 4864; baseline 0 0"><span class='ocrx_word' id='word_1_283' title='bbox 0 0 1610 4864; x_wconf 95' lang='lat' dir='ltr'><strong> </strong></span> 
     </span>
    </p>
   </div>
  </div>
 </body>
</html>
