3110 4882
643 366 680 451 §.
710 366 795 438 732.

315 515 368 589 Et
394 513 537 587 Tabula
565 515 685 604 Bepr‘o
711 512 925 586 Judr'ee‘orr‘e
954 512 1107 587 eoolae't.

219 659 351 734 Tabula
370 663 483 756 Regia
501 662 691 734 Judioiaria
714 661 870 732 loouma
899 660 1161 756 septemviram
1188 663 1317 755 proxi·-

114 786 209 835 mum
237 776 400 859 oeoupat,
430 769 487 835 eui
507 764 711 836 Personalis
737 764 966 835 Praesentiae
998 763 1134 856 Regiae
1163 769 1198 836 in
1217 763 1318 853 judi-

113 869 180 939 ciis
196 866 455 940 locumtenens
473 866 666 961 praesidet,
695 864 856 936 adsident
885 885 975 936 vero
994 863 1138 938 Judiees
1158 886 1318 960 sequen-

113 977 191 1040 tes:
219 968 292 1039 bini
310 967 475 1055 Praelati,
518 968 661 1040 totidem
681 965 836 1036 Tabulae
854 964 1029 1055 Barones,
1058 977 1094 1038 et
1111 968 1219 1040 Vires
1246 987 1317 1059 ge-

115 1080 239 1141 rentes
259 1068 429 1157 Palatini,
457 1078 493 1140 et
519 1068 652 1141 Judiois
691 1066 841 1156 Curiae,
878 1068 1117 1141 Protonotarii
1154 1079 1318 1163 quatuor,

116 1171 342 1244 Assessores
364 1169 701 1266 Arehiepiseopales
728 1170 816 1258 duo,
845 1169 949 1262 Regii
973 1168 1112 1262 reliqui.
1140 1169 1319 1242 interve-

117 1277 171 1344 nit
190 1273 314 1364 adhue,
342 1295 418 1345 eum
438 1294 631 1367 processus
656 1270 786 1342 indolis
804 1269 1075 1344 lllontanistieae
1102 1271 1317 1360 referuntur,

118 1379 286 1471 proprius
313 1374 505 1463 Referens,
552 1373 679 1445 deinde
714 1370 880 1442 Direotor
906 1371 1097 1445 Causarum
1122 1372 1344 1467 Regalium,

120 1477 250 1551 absens
269 1488 399 1567 tamen,
428 1476 508 1547 dum
526 1475 570 1547 ad
597 1474 736 1547 Fisoum
753 1473 901 1566 Regium
930 1477 1120 1546 attinentes
1148 1475 1322 1556 reviden-

119 1588 188 1650 tur.
217 1579 298 1652 Non
317 1579 444 1652 desunt
462 1588 663 1672 praeterea,
693 1579 784 1649 siout
801 1579 837 1646 in
855 1577 932 1648 aliis
959 1597 1099 1670 quoque
1118 1575 1321 1650 Judioiariis

120 1680 291 1776 Collegiis
318 1685 464 1752 minoris
492 1679 721 1774 cathegorias
747 1678 973 1768 Protooollis,
1015 1676 1320 1772 Expeditionibus,

120 1785 314 1879 seripturis
336 1784 482 1878 reliquis
501 1782 725 1878 perficiendis
754 1780 938 1868 destinati3
965 1778 1146 1853 Juventuti
1166 1803 1321 1875 quoque,

119 1884 356 1975 Jurejurando
400 1884 614 1972 obstrictae,
668 1904 795 1977 nempe
843 1882 1046 1953 Juratorum
1090 1881 1321 1955 Notariorum
1408 1961 1410 1965 .

121 2008 261 2081 agmen,
289 1987 409 2080 praxis
437 1983 651 2057 hauriendae
672 1987 785 2076 gratia
807 1983 920 2055 aditus
940 1983 984 2054 ad
1002 1978 1204 2080 Consessus
1223 1988 1318 2056 utri-

119 2110 233 2183 usque
253 2086 407 2159 Tabulae
425 2095 534 2182 patet,
562 2089 618 2158 eui
648 2089 752 2158 etiam
776 2085 978 2157 functiones
1004 2085 1194 2158 nonnullae
1221 2085 1321 2177 judi-

122 2191 232 2262 oiales
258 2191 426 2280 minores,
453 2197 491 2259 ut
509 2198 608 2262 suut:
639 2193 801 2260 examina
829 2189 990 2276 testium,
1019 2191 1219 2275 citationes,
1251 2188 1319 2260 ad-

121 2293 362 2381 monitiones,
378 2301 413 2364 et
432 2290 521 2362 aliae
541 2291 674 2364 similes
695 2291 902 2384 obtingunt;
921 2299 995 2361 tres
1017 2289 1167 2384 denique
1186 2289 1317 2364 Advo-

124 2396 205 2482 cati,
233 2415 348 2464 annuo
370 2392 545 2489 stipendio
566 2416 613 2466 ex
629 2393 782 2466 Aerario
801 2393 919 2488 Regio
939 2393 1088 2487 provisi,
1117 2394 1255 2488 egenis,
1278 2390 1321 2464 ad

126 2492 264 2565 Curiam
282 2493 431 2585 Regiam
448 2516 590 2566 eausam
607 2494 827 2585 habentibus,
847 2495 1123 2589 patrocinantur.

167 2637 206 2722 l)
227 2637 379 2718 Adhaesit
401 2640 430 2702 ei
452 2640 835 2716 nomenLooumtenentis,
858 2640 941 2720 quia,
965 2647 999 2702 ut
1022 2641 1079 2702 sub
1097 2638 1219 2701 Mathis
1236 2638 1321 2704 cor-

211 2723 330 2808 vino·)
354 2735 383 2789 et
413 2725 576 2788 Vladislao
606 2727 697 2808 lbi)
728 2727 931 2789 constitutum
962 2727 1097 2805 reperio,
1121 2726 1153 2787 iu
1183 2726 1325 2788 absentia

209 2809 375 2873 Seeretarii
398 2811 584 2877 Oarreellarii
609 2814 640 2875 in
664 2813 764 2875 locum
787 2812 882 2874 istius
902 2809 1105 2896 judiciale
1129 2811 1323 2894 Sigillum

210 2896 363 2978 regium
385 2899 484 2960 eidem
507 2900 671 2962 tenendum
695 2899 949 2962 oonoredehatur.

646 3088 685 3173 §.
714 3088 799 3161 733.

282 3239 450 3313 Accessit
473 3237 617 3310 Forum
642 3232 946 3330 Appellatorr‘um
974 3232 1167 3308 oombr‘ot.

227 3382 398 3457 decrevit
424 3385 518 3457 istud
544 3381 670 3458 Curiae
688 3384 838 3477 Regiae,
866 3404 970 3476 quum
988 3404 1080 3455 anno
1101 3383 1321 3457 decurrentis

126 3485 245 3559 Seeuli
266 3486 534 3580 quadragesimo
562 3490 716 3580 negotiis
744 3483 886 3557 Gambio
916 3483 1181 3584 Mereantilihus
1210 3490 1325 3558 eomi-

74 3635 80 3645 ι
124 3587 227 3660 tiales
255 3590 458 3661 sanctiones
485 3588 666 3678 codicem,
704 3588 854 3681 ioraque
891 3589 1035 3681 propria
1063 3586 1108 3657 ad
1138 3587 1219 3660 lites
1247 3589 1325 3679 ejus

125 3693 277 3762 nominis
305 3689 515 3765 dirimendas
533 3714 598 3787 pro
615 3690 807 3783 Hungaria,
836 3698 872 3759 et
898 3686 1056 3781 partibus
1078 3686 1227 3762 adnexis
1255 3711 1326 3763 va-

125 3791 229 3863 litura
249 3795 507 3864 constituerunt
538 3794 581 3884 ο).
626 3792 682 3866 Ab
712 3812 755 3862 eo
781 3793 899 3884 itaque
926 3798 1085 3884 tempore
1110 3791 1325 3887 Appellato-

126 3895 215 3963 rium
232 3893 343 3964 hoooe
365 3895 531 3967 Tribunal
561 3893 765 3968 Sectionem
791 3890 919 3963 Curiae
944 3890 1081 3986 Regiae
1111 3891 1171 3963 illa
1207 3903 1324 3966 tamen

127 3997 265 4067 ratione
285 4000 504 4069 constituere
524 3996 704 4069 decretum
722 4003 789 4086 est,
809 4002 847 4066 ut
864 3991 1032 4066 Praeside
1052 4002 1156 4090 atque
1168 4016 1235 4069 sex
1252 4015 1323 4066 nu-

161 4183 187 4249 a)
205 4184 283 4240 1488.
302 4187 345 4242 68.

156 4269 187 4336 1’)
208 4270 288 4325 risa.
305 4269 350 4325 48.

162 4355 189 4425 ο)
208 4355 286 4413 1840.
305 4360 347 4412 to.
