3124 4868
125 283 348 388 Ι134·

200 447 425 527 confirmatas
456 449 488 540 ¹)
518 443 692 546 disponit,
720 446 919 543 exindeque
940 441 1182 523 Praelatorum
1201 443 1396 519 differentia

200 552 306 626 facile
325 555 542 646 intelligitur.
571 551 626 623 llli
644 572 784 646 nempe,
811 554 868 646 qui
887 554 1042 643 integro,
1061 550 1121 621 vel
1142 549 1248 643 plane
1260 549 1396 646 duplici

198 655 397 745 Bauderio,
426 654 520 750 quod
551 653 593 725 de
623 653 882 747 strigoniensi,
912 663 946 724 et
975 653 1145 745 Agriensi
1171 651 1396 724 Antistitibus
1466 715 1471 721 .

199 759 350 852 legimus
381 754 426 854 ¹³),
448 756 718 846 concurrebant,
746 757 890 851 proprie
918 759 954 826 in
970 753 1263 827 Banderiatorum
1289 775 1398 826 censu

198 861 342 933 fuerunt
360 861 569 955 computati:
597 858 652 931 his
681 857 839 930 nonnulli
857 897 909 910 —
928 860 994 929 etsi
1020 865 1117 928 lauto
1141 878 1287 929 numero
1307 877 1398 952 pro-

94 1033 100 1040 .
201 961 360 1035 ducendo
389 965 612 1058 impares-
639 982 686 1033 ex
714 983 757 1033 eo
778 970 1024 1049 accesserant,
1052 956 1295 1055 quodcopias
1315 978 1397 1033 suas

201 1063 250 1138 ad
263 1075 379 1137 castra
396 1069 542 1161 proprio
555 1064 682 1136 ‘itidem
700 1062 764 1136 sub
784 1067 886 1156 signo
906 1085 971 1160 per
990 1062 1181 1160 specialem
1196 1083 1397 1157 praeroga-

199 1169 307 1240 tivam
325 1178 475 1265 possent
494 1166 687 1264 expedire,
715 1163 750 1237 id
775 1164 869 1259 quod
894 1173 1021 1262 postea
1050 1167 1129 1262 plus
1147 1169 1228 1241 vice
1248 1165 1397 1262 simplici

199 1309 252 1324 -
268 1279 307 1344 ut
323 1270 473 1344 vidimus
495 1270 611 1366 (528)
630 1307 680 1324 -
698 1267 921 1341 interdictum
939 1268 1015 1342 fuit.

725 1473 762 1564 ς.
792 1475 877 1548 547.

509 1624 678 1698 Pertalis
698 1623 865 1720 'Miletiae
890 1643 1077 1696 numerus.

301 1770 452 1844 Pertalis
470 1771 613 1861 Militia,
642 1793 745 1866 quam
772 1793 791 1841 a
810 1770 1005 1842 banderiali
1031 1773 1067 1842 in
1086 1792 1130 1844 eo
1160 1771 1238 1844 lere
1258 1772 1398 1844 discre-

199 1895 306 1971 passe
325 1869 500 1969 proditum
519 1881 593 1963 est,
623 1870 717 1968 quod
743 1893 814 1945 non
834 1873 877 1944 ad
903 1873 1121 1966 distinctum,
1154 1875 1217 1946 sed
1237 1871 1398 1947 Comita-

199 1989 255 2050 tus
283 1975 462 2049 Vexillum
490 1983 791 2070 congregaretur,
830 1997 1006 2070 agnomen
1035 1998 1135 2049 suum
1161 1999 1181 2048 a
1209 1997 1396 2049 mensurae

199 2078 470 2176 compellatione
498 2084 646 2176 accepit,
676 2078 868 2151 secundum
905 2101 1007 2174 quam
1035 2077 1210 2153 Nobilitas
1244 2082 1395 2175 equites,
1441 2157 1443 2160 ,

199 2183 408 2280 peditesque
439 2183 482 2254 ad
513 2187 709 2254 exercitum
738 2179 854 2275 Regni
887 2181 1092 2276 generalem
1121 2191 1219 2255 certo
1249 2203 1395 2255 numero

201 2297 372 2374 statuere,
402 2286 570 2379 alereque
600 2283 761 2356 debebat.
790 2280 877 2355 Cum
902 2285 994 2355 enim
1021 2285 1147 2358 clavim
1171 2283 1214 2356 ad
1241 2307 1398 2380 propor-

199 2393 332 2462 tionem
350 2386 416 2457 hac
434 2391 471 2459 in
497 2396 597 2482 parte
626 2384 859 2458 deliniendam
886 2407 958 2457 nou
979 2385 1020 2458 ab
1049 2389 1259 2460 extensione
1287 2392 1397 2460 terri·

198 2491 293 2579 lorii,
313 2487 406 2584 quod
423 2488 526 2584 leges
545 2510 648 2583 quarn
666 2486 835 2582 plurimae
854 2511 922 2560 uec
940 2489 1124 2583 ambiguae
1144 2490 1397 2580 demonstrant,

197 2614 321 2668 verum
341 2591 382 2662 ab
402 2590 677 2687 impopulatione
695 2589 855 2663 locorum
875 2590 1060 2664 desumere
1083 2601 1292 2665 consuetum
1311 2591 1398 2664 lue-

197 2701 262 2768 rit:
293 2695 415 2766 domus
435 2693 710 2788 uniuscujusque
731 2691 884 2765 familiae
903 2715 968 2767 suo
989 2694 1052 2767 sub
1073 2697 1200 2791 capite,
1229 2704 1265 2766 et
1282 2695 1396 2766 altore

198 2803 276 2871 sive
295 2794 550 2868 Patrefamilias
570 2797 782 2868 constitutae
811 2799 1011 2869 incensum
1040 2797 1303 2885 assumebatur,
1330 2819 1395 2866 ra-

198 2903 295 2972 tione
313 2900 432 2991 itaque
452 2896 638 2971 domalium
655 2907 836 2995 portarum
854 2899 1002 2996 portalis
1021 2900 1165 2973 militiae
1184 2899 1395 2974 denomina—
1440 2993 1442 2996 .

200 3003 250 3074 tio
278 3001 452 3095 originem
479 3001 597 3075 traxit.

723 3205 760 3295 §.
789 3205 875 3280 548.

369 3387 371 3390 ·
429 3349 518 3430 'Pro
544 3371 756 3449 temporam
780 3361 934 3429 ratione
959 3357 1143 3430 variabat.

298 3505 383 3579 Utut
399 3525 490 3579 vero
511 3499 673 3594 Comitia,
701 3509 843 3600 quoties
871 3504 993 3579 similis
1021 3506 1165 3580 militiae
1193 3508 1394 3580 necessitas

196 3610 396 3704 ingruebat,
415 3607 506 3682 banc
524 3605 672 3680 eandem
690 3629 902 3697 mensuram,
922 3609 966 3682 de
985 3610 1085 3699 cujus
1104 3611 1261 3682 uberiori
1280 3611 1397 3702 sigui-

196 3713 300 3784 bcatu
319 3710 400 3782 alibi
419 3730 460 3782 se
487 3710 705 3782 commodior
732 3712 858 3784 olleret
885 3710 1085 3786 disserendi
1106 3715 1272 3799 occasio,
1301 3733 1395 3804 pena

197 3823 402 3888 constanter
430 3813 657 3901 retinuerint,
691 3817 986 3908 respicerentque
1013 3814 1057 3886 ad
1086 3835 1129 3886 ea
1159 3815 1393 3908 potissimum,

127 3957 130 3964 ·
196 3937 287 4012 quae
305 3912 519 4009 Sigismundi
548 3923 664 3984 aelate
693 3916 729 3988 in
752 3937 829 3988 rem
855 3913 958 4012 fuere
988 3920 1144 4002 saueila3
1171 3912 1396 3986 nihilominus

195 4040 361 4091 numerus
380 4021 458 4112 ipse
478 4038 498 4086 a
517 4015 667 4109 singulis
685 4021 799 4113 portis
819 4018 1095 4107 statuendorum,
1118 4037 1275 4088 necnon
1294 4037 1395 4088 sum-

196 4131 252 4193 lus
280 4118 324 4190 ad
360 4120 483 4213 copias
520 4116 665 4191 alendas
700 4142 765 4215 pro
802 4119 1040 4214 indigentiae,
1087 4129 1147 4190 aut
1183 4118 1394 4193 discriminis

196 4281 404 4294 ..n-——a-u-

225 4330 249 4387 ⁸)
271 4329 349 4378 1518.
369 4332 393 4378 1.
412 4327 499 4380 conv.
518 4324 597 4380 lidos.
617 4326 695 4384 talc.
714 4330 755 4384 16.
776 4328 854 4388 1⁶47.
874 4333 915 4386 ts.
936 4332 1013 4386 1555.
1039 4334 1064 4384 5.
1083 4295 1163 4389 (lons.
1182 4332 1264 4386 ellam
1283 4329 1327 4382 hta
1347 4342 1396 4380 an-

276 4398 394 4448 teriores
413 4397 490 4452 1492.
510 4401 552 4456 19.
569 4405 597 4454 cl
615 4402 659 4457 20.

225 4475 254 4546 ¹³)
273 4477 350 4536 rusa.
368 4483 412 4554 aa.
534 4532 539 4542 ,
