3094 4868
1276 243 1350 318 245
1392 275 1396 281 ·

148 417 194 502 ωὶ
214 411 409 490 dominum
426 411 750 488 Locumtonentiale
769 415 931 508 Regium,
949 396 1054 506 atque
1073 412 1154 486 dein
1185 435 1250 508 pro
1280 436 1345 488 ra·-

150 524 246 594 tione
266 517 508 607 adjunctorum
534 516 578 589 ad
605 535 803 609 supremam
831 537 971 610 quoque
996 518 1254 609 inspectionem
1275 538 1345 588 re-

148 626 253 716 giam.
272 619 305 690 N
307 643 349 690 ee
366 628 507 715 poterat
525 616 628 692 Sedis
648 616 842 689 Dominalis
855 616 1037 690 Sententia
1052 616 1343 688 consententibus

149 724 369 816 quantumvis
390 722 541 809 colonis,
569 717 708 814 quande
728 719 771 791 de
791 718 984 794 eorundem
1012 719 1055 788 ad
1073 719 1259 790 Dominum
1276 741 1342 790 re-

146 824 278 897 latione
297 827 425 915 agitur,
445 825 532 894 citra
547 821 753 894 ulteriorem
769 823 987 896 revisicnem
1005 842 1155 917 unquam
1173 824 1209 894 in
1228 821 1340 894 effec-

151 935 224 998 tum
243 924 379 998 deduci.

663 1127 699 1212 ὃ.
729 1129 814 1201 745.
900 1202 907 1212 ,

403 1280 434 1350 Α
462 1278 605 1350 Formo
631 1261 866 1392 reliquorum
892 1253 1097 1355 sororum.

1201 1381 1218 1410 4

111 1516 116 1522 1
251 1425 416 1498 Perhibet
434 1445 546 1518 genus
566 1423 660 1496 istud
677 1423 805 1496 ludicii
824 1446 985 1518 magnam
1014 1449 1034 1496 a
1061 1424 1164 1496 Foris
1192 1420 1344 1494 caeteris

149 1529 431 1622 discrepantiam,
459 1525 597 1620 quondo
629 1535 664 1598 et
684 1525 872 1620 appellatio
904 1530 940 1598 in
961 1531 1078 1598 causis
1102 1521 1345 1598 Urbarialibus

148 1631 192 1702 ad
210 1630 314 1702 altius
341 1628 470 1699 Forum
497 1649 657 1722 semper,
696 1650 738 1698 ao
768 1631 973 1702 necessario
1002 1629 1118 1701 locum
1147 1623 1264 1713 habet,
1309 1631 1347 1696 et

114 1807 116 1812 ,
145 1732 270 1804 Fiscus
300 1727 443 1802 Gelonis
472 1751 518 1800 ex
547 1729 665 1801 cilicio
694 1732 957 1824 patrocinatur,
991 1739 1029 1802 et
1055 1728 1189 1824 probae
1220 1744 1346 1816 omncs

146 1835 287 1904 nonnisi
307 1853 382 1902 cum
402 1835 606 1905 interventu
624 1831 851 1922 Magistratus
869 1830 999 1924 publici
1018 1839 1200 1917 eruuntur,
1220 1849 1343 1902 suumn

146 1956 214 2028 que
233 1932 509 2023 fidedignitatem
529 1934 714 2025 recipiunt.
743 1931 843 2001 Unde
858 1931 1024 2029 *ohJectio
1045 1953 1065 2002 e
1093 1928 1252 2023 generali
1280 1927 1341 1998 illo

145 2036 319 2130 principio
340 2031 497 2103 desumto
520 2035 718 2122 „neminem
735 2033 770 2102 in
784 2025 896 2105 'causa
914 2035 1057 2129 propria
1075 2030 1234 2102 Judicem
1257 2049 1341 2102 esse

145 2135 279 2230 pesse“
308 2132 352 2204 ad
370 2135 544 2227 privatum
569 2132 694 2223 hocce,
723 2141 759 2204 et
777 2136 1022 2228 patrimoniolo
1040 2133 1170 2207 Forum
1190 2151 1338 2228 prorsus

146 2240 342 2330 incongrue
362 2233 612 2328 oggercbatur.

666 2437 703 2525 ὃ·
735 2440 821 2516 746,

358 2589 404 2660 In
424 2577 600 2680 sonorem
630 2587 864 2662 Uolooorom
891 2567 1114 2680 caeperat.

246 2735 332 2822 Quis
351 2737 442 2807 enim
462 2735 584 2808 amabo
605 2739 636 2808 si
653 2775 705 2790 --
722 2757 812 2830 quae
830 2737 1076 2831 praemisimus
1091 2773 1143 2789 -
1158 2736 1195 2807 iu
1214 2736 1345 2826 justam

145 2838 465 2912 considerationem
484 2841 661 2932 sumserit,
690 2861 762 2911 uon
785 2837 879 2910 illico
913 2838 1095 2912 advertet:
1126 2847 1266 2910 cuncta·
1282 2836 1343 2907 illa
1452 2856 1454 2859 ’

143 2945 179 3011 iu
197 2941 357 3012 favorem
386 2937 602 3011 Gelonorum
635 2945 688 3010 sic
718 2941 830 3012 luisse
863 2943 1076 3030 constituta,
1105 2949 1145 3012 ut
1171 2939 1342 3012 videlieet

144 3041 320 3126 alacriter,
341 3046 472 3109 etcum
490 3041 631 3109 minimo
650 3043 702 3109 rei
723 3040 914 3134 familiaris,
933 3046 1175 3134 temporisque
1190 3041 1341 3134 dispen-

144 3143 214 3230 dio,
243 3139 326 3235 quid
343 3140 424 3233 quid
444 3159 509 3211 seu
528 3138 572 3210 ad
598 3143 743 3234 primam
778 3161 908 3211 causae
936 3144 1223 3228 instructionem,
1258 3144 1339 3214 sive

143 3243 186 3314 ad
205 3241 406 3312 uberiorem
428 3239 710 3329 illustrationem,
746 3241 1061 3336 probationemque
1092 3245 1266 3338 pertinet,
1304 3241 1341 3312 id

141 3352 251 3416 totum
271 3346 307 3413 in
324 3342 405 3413 loco
426 3342 604 3431 domicilii,
633 3365 675 3413 ac
694 3342 863 3416 sumtibus
883 3343 1113 3416 dominalibus
1132 3344 1251 3416 locum
1269 3342 1338 3414 ho-

141 3445 234 3534 beat,
261 3443 310 3517 nil
337 3453 453 3516 autem
477 3443 665 3538 probarum
693 3438 758 3538 per
787 3443 982 3516 dominales
1014 3446 1188 3534 homines,
1215 3467 1340 3518 verum

140 3570 204 3642 per
222 3545 463 3639 Magistratum
490 3544 663 3639 publicum
691 3546 848 3639 legitime
878 3555 1013 3618 erutum
1039 3555 1255 3634 assumatur,
1289 3545 1341 3617 nil

140 3651 208 3722 nisi
226 3647 294 3718 hec
313 3646 471 3719 Censore
490 3657 614 3740 agatur
635 3649 671 3717 in
688 3646 850 3736 ludici03
878 3649 926 3719 nil
957 3657 1072 3719 autem
1090 3641 1126 3720 in
1146 3649 1337 3719 executio-

140 3769 219 3822 nem
248 3748 345 3819 abire
373 3751 501 3842 possit,
529 3749 597 3820 nisi
623 3768 689 3842 per
715 3753 925 3820 sententiam
952 3743 1057 3839 Feri,
1085 3759 1121 3820 et
1148 3747 1339 3821 Dloasterii

141 3852 287 3922 altioris.
316 3848 485 3920 Nimirum
507 3851 598 3920 sieut
616 3870 662 3922 ex
689 3849 808 3922 indole
834 3871 949 3923 nexus
981 3850 1125 3925 haerilrs
1154 3871 1339 3946 provene-

140 3959 206 4037 rat,
233 3959 270 4020 ut
283 3947 428 4046 'Domini
451 3951 681 4040 Terrestres,
708 3954 846 4047 quando
871 3955 1000 4025 Terras
1032 3974 1114 4026 suas
1142 3952 1339 4047 populosas

139 4049 376 4140 reddiderunt,
404 4073 482 4122 cum
510 4056 707 4146 patrocinio
735 4058 882 4147 primum
910 4076 979 4126 unc
1004 4053 1176 4125 ludicium
1209 4056 1340 4126 intuitu

139 4151 381 4243 quaerelerum
400 4160 643 4241 reservarent,
671 4175 757 4248 quas
777 4152 911 4227 Subditi
941 4155 1063 4226 nefors
1085 4155 1237 4227 Domino
1270 4173 1335 4228 suo

137 4251 309 4324 haberent
327 4253 602 4347 proponendas3
621 4257 671 4326 ita
688 4257 847 4330 vicissim
866 4279 1052 4352 supremae
1073 4257 1242 4355 potestati
1262 4276 1331 4352 pre

137 4373 269 4426 summo
292 4374 356 4428 suo
372 4358 561 4430 universos
579 4355 713 4436 tutandi
730 4379 875 4436 munere
896 4357 1120 4453 sufficientia,
1133 4366 1170 4438 ct
1196 4377 1334 4457 oppor-
