<?xml version="1.0" encoding="UTF-8"?>
<!DOCTYPE html PUBLIC "-//W3C//DTD XHTML 1.0 Transitional//EN"
    "http://www.w3.org/TR/xhtml1/DTD/xhtml1-transitional.dtd">
<html xmlns="http://www.w3.org/1999/xhtml" xml:lang="en" lang="en">
 <head>
  <title>
</title>
<meta http-equiv="Content-Type" content="text/html;charset=utf-8" />
  <meta name='ocr-system' content='tesseract 3.04.00' />
  <meta name='ocr-capabilities' content='ocr_page ocr_carea ocr_par ocr_line ocrx_word'/>
</head>
<body>
  <div class='ocr_page' id='page_1' title='image "./conspectusjuris00czirgoog_0293.png"; bbox 0 0 3146 4864; ppageno 0'>
   <div class='ocr_carea' id='block_1_1' title="bbox 1316 243 1365 318">
    <p class='ocr_par' dir='ltr' id='par_1_1' title="bbox 1316 243 1365 318">
     <span class='ocr_line' id='line_1_1' title="bbox 1316 243 1365 318; baseline 0 0"><span class='ocrx_word' id='word_1_1' title='bbox 1316 243 1365 318; x_wconf 74' lang='lat' dir='ltr'><strong>ild</strong></span> 
     </span>
    </p>
   </div>
   <div class='ocr_carea' id='block_1_2' title="bbox 160 379 1365 601">
    <p class='ocr_par' dir='ltr' id='par_1_2' title="bbox 160 379 1365 601">
     <span class='ocr_line' id='line_1_2' title="bbox 160 379 1365 499; baseline 0.004 -21"><span class='ocrx_word' id='word_1_2' title='bbox 160 379 333 498; x_wconf 84' lang='lat' dir='ltr'><strong>Principis</strong></span> <span class='ocrx_word' id='word_1_3' title='bbox 362 405 652 492; x_wconf 76' lang='lat' dir='ltr'><strong>nominationem,</strong></span> <span class='ocrx_word' id='word_1_4' title='bbox 678 403 739 474; x_wconf 88' lang='lat' dir='ltr'><strong>vel</strong></span> <span class='ocrx_word' id='word_1_5' title='bbox 774 403 979 499; x_wconf 74' lang='lat' dir='ltr'><strong>diplomate,</strong></span> <span class='ocrx_word' id='word_1_6' title='bbox 1008 426 1050 476; x_wconf 89' lang='lat' dir='ltr'><strong>ac</strong></span> <span class='ocrx_word' id='word_1_7' title='bbox 1079 409 1185 480; x_wconf 90' lang='lat' dir='ltr'><strong>venia</strong></span> <span class='ocrx_word' id='word_1_8' title='bbox 1210 409 1365 483; x_wconf 90' lang='lat' dir='ltr'><strong>nondum</strong></span> 
     </span>
     <span class='ocr_line' id='line_1_3' title="bbox 162 511 358 601; baseline -0.026 -22"><span class='ocrx_word' id='word_1_9' title='bbox 162 511 358 601; x_wconf 86' lang='lat' dir='ltr'><strong>impetrata.</strong></span> 
     </span>
    </p>
   </div>
   <div class='ocr_carea' id='block_1_3' title="bbox 461 675 1050 920">
    <p class='ocr_par' dir='ltr' id='par_1_3' title="bbox 461 675 1050 920">
     <span class='ocr_line' id='line_1_4' title="bbox 693 675 847 764; baseline -0.019 -15"><span class='ocrx_word' id='word_1_10' title='bbox 693 675 731 764; x_wconf 65' lang='grc' dir='ltr'><strong>ς.</strong></span> <span class='ocrx_word' id='word_1_11' title='bbox 762 676 847 749; x_wconf 88' lang='grc'><strong>355.</strong></span> 
     </span>
     <span class='ocr_line' id='line_1_5' title="bbox 461 824 1050 920; baseline -0.002 -18"><span class='ocrx_word' id='word_1_12' title='bbox 461 825 683 920; x_wconf 60' lang='lat' dir='ltr'><strong>‘Equestres</strong></span> <span class='ocrx_word' id='word_1_13' title='bbox 714 824 830 920; x_wconf 26' lang='lat' dir='ltr'><strong>Ordo·</strong></span> <span class='ocrx_word' id='word_1_14' title='bbox 845 829 1050 901; x_wconf 70' lang='lat' dir='ltr'><strong>maeones.</strong></span> 
     </span>
    </p>
   </div>
   <div class='ocr_carea' id='block_1_4' title="bbox 168 971 1379 2603">
    <p class='ocr_par' dir='ltr' id='par_1_4' title="bbox 168 971 1379 2603">
     <span class='ocr_line' id='line_1_6' title="bbox 269 971 1370 1068; baseline -0.002 -16"><span class='ocrx_word' id='word_1_15' title='bbox 269 980 453 1052; x_wconf 83' lang='lat' dir='ltr'><strong>Floruisse</strong></span> <span class='ocrx_word' id='word_1_16' title='bbox 492 972 679 1068; x_wconf 88' lang='lat' dir='ltr'><strong>aliquando</strong></span> <span class='ocrx_word' id='word_1_17' title='bbox 715 973 752 1045; x_wconf 92' lang='lat' dir='ltr'><strong>in</strong></span> <span class='ocrx_word' id='word_1_18' title='bbox 787 971 966 1068; x_wconf 88' lang='lat' dir='ltr'><strong>Hungaria</strong></span> <span class='ocrx_word' id='word_1_19' title='bbox 1011 972 1268 1064; x_wconf 85' lang='lat' dir='ltr'><strong>honorarium,¹</strong></span> <span class='ocrx_word' id='word_1_20' title='bbox 1306 995 1370 1050; x_wconf 87' lang='lat' dir='ltr'><strong>seu</strong></span> 
     </span>
     <span class='ocr_line' id='line_1_7' title="bbox 168 1075 1369 1182; baseline -0.008 -24"><span class='ocrx_word' id='word_1_21' title='bbox 168 1085 378 1182; x_wconf 85' lang='lat' dir='ltr'><strong>Equestrem</strong></span> <span class='ocrx_word' id='word_1_22' title='bbox 395 1079 571 1150; x_wconf 81' lang='lat' dir='ltr'><strong>Draconis</strong></span> <span class='ocrx_word' id='word_1_23' title='bbox 591 1075 770 1166; x_wconf 88' lang='lat' dir='ltr'><strong>Ordinem,</strong></span> <span class='ocrx_word' id='word_1_24' title='bbox 798 1081 944 1171; x_wconf 87' lang='lat' dir='ltr'><strong>copiosa</strong></span> <span class='ocrx_word' id='word_1_25' title='bbox 963 1079 1054 1148; x_wconf 86' lang='lat' dir='ltr'><strong>varii</strong></span> <span class='ocrx_word' id='word_1_26' title='bbox 1074 1079 1218 1168; x_wconf 88' lang='lat' dir='ltr'><strong>generis</strong></span> <span class='ocrx_word' id='word_1_27' title='bbox 1237 1098 1369 1149; x_wconf 89' lang='lat' dir='ltr'><strong>monu-</strong></span> 
     </span>
     <span class='ocr_line' id='line_1_8' title="bbox 169 1176 1370 1278; baseline -0.008 -18"><span class='ocrx_word' id='word_1_28' title='bbox 169 1197 286 1261; x_wconf 89' lang='lat' dir='ltr'><strong>menta</strong></span> <span class='ocrx_word' id='word_1_29' title='bbox 304 1185 515 1278; x_wconf 81' lang='lat' dir='ltr'><strong>loquuntur3</strong></span> <span class='ocrx_word' id='word_1_30' title='bbox 545 1180 697 1251; x_wconf 90' lang='lat' dir='ltr'><strong>omnium</strong></span> <span class='ocrx_word' id='word_1_31' title='bbox 716 1181 938 1274; x_wconf 89' lang='lat' dir='ltr'><strong>apertissime</strong></span> <span class='ocrx_word' id='word_1_32' title='bbox 956 1176 1120 1273; x_wconf 90' lang='lat' dir='ltr'><strong>Diploma</strong></span> <span class='ocrx_word' id='word_1_33' title='bbox 1137 1180 1252 1273; x_wconf 91' lang='lat' dir='ltr'><strong>ipsum</strong></span> <span class='ocrx_word' id='word_1_34' title='bbox 1270 1178 1370 1250; x_wconf 85' lang='lat' dir='ltr'><strong>Fun-</strong></span> 
     </span>
     <span class='ocr_line' id='line_1_9' title="bbox 171 1274 1372 1377; baseline -0.009 -15"><span class='ocrx_word' id='word_1_35' title='bbox 171 1289 335 1375; x_wconf 86' lang='lat' dir='ltr'><strong>dationis,</strong></span> <span class='ocrx_word' id='word_1_36' title='bbox 363 1286 463 1376; x_wconf 91' lang='lat' dir='ltr'><strong>cujus</strong></span> <span class='ocrx_word' id='word_1_37' title='bbox 494 1274 691 1377; x_wconf 74' lang='grc' dir='ltr'><strong>οἱυτόγραφον</strong></span> <span class='ocrx_word' id='word_1_38' title='bbox 709 1281 826 1374; x_wconf 89' lang='lat' dir='ltr'><strong>Regni</strong></span> <span class='ocrx_word' id='word_1_39' title='bbox 845 1280 1051 1353; x_wconf 75' lang='lat' dir='ltr'><strong>tabularium</strong></span> <span class='ocrx_word' id='word_1_40' title='bbox 1070 1287 1274 1352; x_wconf 90' lang='lat' dir='ltr'><strong>conservat.</strong></span> <span class='ocrx_word' id='word_1_41' title='bbox 1307 1280 1372 1352; x_wconf 93' lang='lat' dir='ltr'><strong>In-</strong></span> 
     </span>
     <span class='ocr_line' id='line_1_10' title="bbox 171 1380 1371 1466; baseline -0.012 0"><span class='ocrx_word' id='word_1_42' title='bbox 171 1393 263 1466; x_wconf 87' lang='lat' dir='ltr'><strong>dicat</strong></span> <span class='ocrx_word' id='word_1_43' title='bbox 292 1387 385 1461; x_wconf 90' lang='lat' dir='ltr'><strong>istud</strong></span> <span class='ocrx_word' id='word_1_44' title='bbox 403 1386 506 1459; x_wconf 89' lang='lat' dir='ltr'><strong>nobis</strong></span> <span class='ocrx_word' id='word_1_45' title='bbox 535 1406 607 1457; x_wconf 90' lang='lat' dir='ltr'><strong>non</strong></span> <span class='ocrx_word' id='word_1_46' title='bbox 625 1380 729 1454; x_wconf 91' lang='lat' dir='ltr'><strong>modo</strong></span> <span class='ocrx_word' id='word_1_47' title='bbox 751 1383 920 1454; x_wconf 86' lang='lat' dir='ltr'><strong>initialem</strong></span> <span class='ocrx_word' id='word_1_48' title='bbox 938 1381 1078 1454; x_wconf 86' lang='lat' dir='ltr'><strong>Ordinis</strong></span> <span class='ocrx_word' id='word_1_49' title='bbox 1110 1402 1238 1453; x_wconf 89' lang='lat' dir='ltr'><strong>annum</strong></span> <span class='ocrx_word' id='word_1_50' title='bbox 1262 1385 1371 1456; x_wconf 79' lang='lat'><strong>1408.</strong></span> 
     </span>
     <span class='ocr_line' id='line_1_11' title="bbox 170 1480 1373 1580; baseline -0.008 -14"><span class='ocrx_word' id='word_1_51' title='bbox 170 1506 242 1566; x_wconf 93' lang='lat' dir='ltr'><strong>tum</strong></span> <span class='ocrx_word' id='word_1_52' title='bbox 272 1502 437 1565; x_wconf 82' lang='lat' dir='ltr'><strong>auctores</strong></span> <span class='ocrx_word' id='word_1_53' title='bbox 456 1484 729 1580; x_wconf 71' lang='lat' dir='ltr'><strong>sigismundum,</strong></span> <span class='ocrx_word' id='word_1_54' title='bbox 759 1507 836 1556; x_wconf 88' lang='lat' dir='ltr'><strong>cum</strong></span> <span class='ocrx_word' id='word_1_55' title='bbox 862 1483 1018 1556; x_wconf 87' lang='lat' dir='ltr'><strong>Barbara</strong></span> <span class='ocrx_word' id='word_1_56' title='bbox 1054 1480 1228 1575; x_wconf 83' lang='lat' dir='ltr'><strong>Conjuge,</strong></span> <span class='ocrx_word' id='word_1_57' title='bbox 1263 1482 1373 1556; x_wconf 81' lang='lat' dir='ltr'><strong>Oiliae</strong></span> 
     </span>
     <span class='ocr_line' id='line_1_12' title="bbox 172 1582 1374 1684; baseline -0.009 -16"><span class='ocrx_word' id='word_1_58' title='bbox 172 1593 316 1668; x_wconf 83' lang='lat' dir='ltr'><strong>Comitis</strong></span> <span class='ocrx_word' id='word_1_59' title='bbox 335 1593 435 1684; x_wconf 86' lang='lat' dir='ltr'><strong>Filia,</strong></span> <span class='ocrx_word' id='word_1_60' title='bbox 462 1611 587 1663; x_wconf 89' lang='lat' dir='ltr'><strong>verum</strong></span> <span class='ocrx_word' id='word_1_61' title='bbox 605 1587 821 1684; x_wconf 86' lang='lat' dir='ltr'><strong>peculiarem</strong></span> <span class='ocrx_word' id='word_1_62' title='bbox 849 1589 953 1658; x_wconf 92' lang='lat' dir='ltr'><strong>etiam</strong></span> <span class='ocrx_word' id='word_1_63' title='bbox 981 1597 1156 1658; x_wconf 89' lang='lat' dir='ltr'><strong>tesseram</strong></span> <span class='ocrx_word' id='word_1_64' title='bbox 1173 1582 1240 1677; x_wconf 70' lang='lat'><strong>⁴⁵),</strong></span> <span class='ocrx_word' id='word_1_65' title='bbox 1268 1595 1374 1681; x_wconf 87' lang='lat' dir='ltr'><strong>atque</strong></span> 
     </span>
     <span class='ocr_line' id='line_1_13' title="bbox 173 1688 1373 1796; baseline -0.01 -24"><span class='ocrx_word' id='word_1_66' title='bbox 173 1699 408 1792; x_wconf 83' lang='lat' dir='ltr'><strong>obligationes</strong></span> <span class='ocrx_word' id='word_1_67' title='bbox 435 1689 621 1796; x_wconf 78' lang='lat' dir='ltr'><strong>Equitum,</strong></span> <span class='ocrx_word' id='word_1_68' title='bbox 660 1689 785 1785; x_wconf 90' lang='lat' dir='ltr'><strong>quibus</strong></span> <span class='ocrx_word' id='word_1_69' title='bbox 813 1689 988 1762; x_wconf 88' lang='lat' dir='ltr'><strong>Proceres</strong></span> <span class='ocrx_word' id='word_1_70' title='bbox 1017 1688 1133 1781; x_wconf 86' lang='lat' dir='ltr'><strong>Regni</strong></span> <span class='ocrx_word' id='word_1_71' title='bbox 1159 1692 1373 1786; x_wconf 88' lang='lat' dir='ltr'><strong>praecipuos</strong></span> 
     </span>
     <span class='ocr_line' id='line_1_14' title="bbox 173 1790 1375 1891; baseline -0.01 -18"><span class='ocrx_word' id='word_1_72' title='bbox 173 1808 352 1888; x_wconf 88' lang='lat' dir='ltr'><strong>accenset,</strong></span> <span class='ocrx_word' id='word_1_73' title='bbox 381 1799 465 1891; x_wconf 90' lang='lat' dir='ltr'><strong>quin</strong></span> <span class='ocrx_word' id='word_1_74' title='bbox 483 1804 600 1866; x_wconf 88' lang='lat' dir='ltr'><strong>tamen</strong></span> <span class='ocrx_word' id='word_1_75' title='bbox 616 1803 810 1889; x_wconf 89' lang='lat' dir='ltr'><strong>propterea</strong></span> <span class='ocrx_word' id='word_1_76' title='bbox 829 1795 1026 1882; x_wconf 86' lang='lat' dir='ltr'><strong>existimes,</strong></span> <span class='ocrx_word' id='word_1_77' title='bbox 1055 1799 1200 1863; x_wconf 86' lang='lat' dir='ltr'><strong>exteros</strong></span> <span class='ocrx_word' id='word_1_78' title='bbox 1220 1790 1289 1864; x_wconf 90' lang='lat' dir='ltr'><strong>hoc</strong></span> <span class='ocrx_word' id='word_1_79' title='bbox 1308 1811 1375 1863; x_wconf 90' lang='lat' dir='ltr'><strong>so-</strong></span> 
     </span>
     <span class='ocr_line' id='line_1_15' title="bbox 174 1893 1374 1988; baseline -0.008 -14"><span class='ocrx_word' id='word_1_80' title='bbox 174 1902 284 1974; x_wconf 93' lang='lat' dir='ltr'><strong>dalitii</strong></span> <span class='ocrx_word' id='word_1_81' title='bbox 309 1899 447 1970; x_wconf 89' lang='lat' dir='ltr'><strong>honore</strong></span> <span class='ocrx_word' id='word_1_82' title='bbox 476 1893 588 1968; x_wconf 87' lang='lat' dir='ltr'><strong>fuisse</strong></span> <span class='ocrx_word' id='word_1_83' title='bbox 618 1895 800 1981; x_wconf 75' lang='lat' dir='ltr'><strong>exclusae,</strong></span> <span class='ocrx_word' id='word_1_84' title='bbox 828 1905 866 1964; x_wconf 91' lang='lat' dir='ltr'><strong>ut</strong></span> <span class='ocrx_word' id='word_1_85' title='bbox 884 1904 981 1988; x_wconf 88' lang='lat' dir='ltr'><strong>patet</strong></span> <span class='ocrx_word' id='word_1_86' title='bbox 1008 1915 1028 1964; x_wconf 93' lang='lat' dir='ltr'><strong>e</strong></span> <span class='ocrx_word' id='word_1_87' title='bbox 1053 1893 1275 1987; x_wconf 90' lang='lat' dir='ltr'><strong>Diplomate,</strong></span> <span class='ocrx_word' id='word_1_88' title='bbox 1306 1913 1374 1988; x_wconf 86' lang='lat' dir='ltr'><strong>quo</strong></span> 
     </span>
     <span class='ocr_line' id='line_1_16' title="bbox 172 1993 1377 2094; baseline -0.007 -20"><span class='ocrx_word' id='word_1_89' title='bbox 172 2005 256 2074; x_wconf 85' lang='lat' dir='ltr'><strong>Dux</strong></span> <span class='ocrx_word' id='word_1_90' title='bbox 284 1997 504 2094; x_wconf 85' lang='lat' dir='ltr'><strong>Lythvaniae</strong></span> <span class='ocrx_word' id='word_1_91' title='bbox 530 1998 567 2066; x_wconf 92' lang='lat' dir='ltr'><strong>in</strong></span> <span class='ocrx_word' id='word_1_92' title='bbox 587 2016 666 2064; x_wconf 86' lang='lat' dir='ltr'><strong>euru</strong></span> <span class='ocrx_word' id='word_1_93' title='bbox 685 1993 852 2066; x_wconf 86' lang='lat' dir='ltr'><strong>Ordinem</strong></span> <span class='ocrx_word' id='word_1_94' title='bbox 875 2003 1061 2088; x_wconf 89' lang='lat' dir='ltr'><strong>cooptatur</strong></span> <span class='ocrx_word' id='word_1_95' title='bbox 1091 1995 1136 2083; x_wconf 74' lang='lat'><strong>⁴).</strong></span> <span class='ocrx_word' id='word_1_96' title='bbox 1165 1993 1223 2064; x_wconf 89' lang='lat' dir='ltr'><strong>Ad</strong></span> <span class='ocrx_word' id='word_1_97' title='bbox 1241 2017 1377 2091; x_wconf 87' lang='lat' dir='ltr'><strong>perpe-</strong></span> 
     </span>
     <span class='ocr_line' id='line_1_17' title="bbox 176 2093 1378 2190; baseline -0.008 -14"><span class='ocrx_word' id='word_1_98' title='bbox 176 2115 272 2176; x_wconf 91' lang='lat' dir='ltr'><strong>tuum</strong></span> <span class='ocrx_word' id='word_1_99' title='bbox 289 2098 505 2173; x_wconf 91' lang='lat' dir='ltr'><strong>Institutioni</strong></span> <span class='ocrx_word' id='word_1_100' title='bbox 535 2097 698 2190; x_wconf 88' lang='lat' dir='ltr'><strong>vigorem</strong></span> <span class='ocrx_word' id='word_1_101' title='bbox 727 2093 984 2167; x_wconf 88' lang='lat' dir='ltr'><strong>conciliandum</strong></span> <span class='ocrx_word' id='word_1_102' title='bbox 1005 2113 1090 2167; x_wconf 87' lang='lat' dir='ltr'><strong>suos</strong></span> <span class='ocrx_word' id='word_1_103' title='bbox 1112 2115 1253 2188; x_wconf 90' lang='lat' dir='ltr'><strong>quoque</strong></span> <span class='ocrx_word' id='word_1_104' title='bbox 1282 2095 1378 2168; x_wconf 90' lang='lat' dir='ltr'><strong>Suc-</strong></span> 
     </span>
     <span class='ocr_line' id='line_1_18' title="bbox 178 2193 1379 2294; baseline -0.009 -16"><span class='ocrx_word' id='word_1_105' title='bbox 178 2223 346 2279; x_wconf 84' lang='lat' dir='ltr'><strong>cessores</strong></span> <span class='ocrx_word' id='word_1_106' title='bbox 382 2197 627 2293; x_wconf 75' lang='lat' dir='ltr'><strong>sigismundus</strong></span> <span class='ocrx_word' id='word_1_107' title='bbox 656 2195 882 2290; x_wconf 86' lang='lat' dir='ltr'><strong>obstringere</strong></span> <span class='ocrx_word' id='word_1_108' title='bbox 922 2193 1130 2289; x_wconf 88' lang='lat' dir='ltr'><strong>cogitabat,</strong></span> <span class='ocrx_word' id='word_1_109' title='bbox 1168 2205 1207 2269; x_wconf 93' lang='lat' dir='ltr'><strong>ut</strong></span> <span class='ocrx_word' id='word_1_110' title='bbox 1230 2195 1379 2294; x_wconf 84' lang='lat' dir='ltr'><strong>eandem</strong></span> 
     </span>
     <span class='ocr_line' id='line_1_19' title="bbox 179 2296 1379 2394; baseline -0.009 -13"><span class='ocrx_word' id='word_1_111' title='bbox 179 2307 390 2381; x_wconf 90' lang='lat' dir='ltr'><strong>occassione</strong></span> <span class='ocrx_word' id='word_1_112' title='bbox 418 2299 668 2376; x_wconf 78' lang='lat' dir='ltr'><strong>Coronationis</strong></span> <span class='ocrx_word' id='word_1_113' title='bbox 690 2323 760 2374; x_wconf 91' lang='lat' dir='ltr'><strong>una</strong></span> <span class='ocrx_word' id='word_1_114' title='bbox 791 2321 869 2370; x_wconf 90' lang='lat' dir='ltr'><strong>cum</strong></span> <span class='ocrx_word' id='word_1_115' title='bbox 896 2298 1043 2394; x_wconf 90' lang='lat' dir='ltr'><strong>reliquis</strong></span> <span class='ocrx_word' id='word_1_116' title='bbox 1066 2296 1183 2390; x_wconf 89' lang='lat' dir='ltr'><strong>Regni</strong></span> <span class='ocrx_word' id='word_1_117' title='bbox 1209 2299 1379 2372; x_wconf 87' lang='lat' dir='ltr'><strong>Immuni-</strong></span> 
     </span>
     <span class='ocr_line' id='line_1_20' title="bbox 178 2397 1378 2499; baseline -0.006 -16"><span class='ocrx_word' id='word_1_118' title='bbox 178 2407 307 2483; x_wconf 89' lang='lat' dir='ltr'><strong>tatibus</strong></span> <span class='ocrx_word' id='word_1_119' title='bbox 321 2407 431 2499; x_wconf 81' lang='lat' dir='ltr'><strong>jurati</strong></span> <span class='ocrx_word' id='word_1_120' title='bbox 452 2403 660 2476; x_wconf 89' lang='lat' dir='ltr'><strong>confirment</strong></span> <span class='ocrx_word' id='word_1_121' title='bbox 688 2399 748 2493; x_wconf 70' lang='lat' dir='ltr'><strong>b);</strong></span> <span class='ocrx_word' id='word_1_122' title='bbox 777 2424 821 2476; x_wconf 91' lang='lat' dir='ltr'><strong>eo</strong></span> <span class='ocrx_word' id='word_1_123' title='bbox 840 2413 960 2476; x_wconf 87' lang='lat' dir='ltr'><strong>tamen</strong></span> <span class='ocrx_word' id='word_1_124' title='bbox 982 2399 1249 2496; x_wconf 87' lang='lat' dir='ltr'><strong>nonobstante,</strong></span> <span class='ocrx_word' id='word_1_125' title='bbox 1277 2397 1378 2477; x_wconf 78' lang='lat' dir='ltr'><strong>Con-</strong></span> 
     </span>
     <span class='ocr_line' id='line_1_21' title="bbox 182 2506 1339 2603; baseline -0.01 -19"><span class='ocrx_word' id='word_1_126' title='bbox 182 2512 306 2584; x_wconf 90' lang='lat' dir='ltr'><strong>ditoris</strong></span> <span class='ocrx_word' id='word_1_127' title='bbox 331 2509 510 2582; x_wconf 89' lang='lat' dir='ltr'><strong>interitum</strong></span> <span class='ocrx_word' id='word_1_128' title='bbox 527 2506 650 2603; x_wconf 89' lang='lat' dir='ltr'><strong>rapide</strong></span> <span class='ocrx_word' id='word_1_129' title='bbox 673 2514 796 2578; x_wconf 86' lang='lat' dir='ltr'><strong>secuta</strong></span> <span class='ocrx_word' id='word_1_130' title='bbox 814 2515 871 2580; x_wconf 88' lang='lat' dir='ltr'><strong>est</strong></span> <span class='ocrx_word' id='word_1_131' title='bbox 902 2507 947 2598; x_wconf 76' lang='lat'><strong>⁰).</strong></span> <span class='ocrx_word' id='word_1_132' title='bbox 1335 2516 1339 2523; x_wconf 85' lang='grc'>·</span> 
     </span>
    </p>
   </div>
   <div class='ocr_carea' id='block_1_5' title="bbox 224 2627 1391 3920">
    <p class='ocr_par' dir='ltr' id='par_1_5' title="bbox 224 2627 1391 3920">
     <span class='ocr_line' id='line_1_22' title="bbox 224 2627 1381 2717; baseline -0.003 -21"><span class='ocrx_word' id='word_1_133' title='bbox 224 2631 264 2717; x_wconf 60' lang='grc'><strong>’1)</strong></span> <span class='ocrx_word' id='word_1_134' title='bbox 287 2632 494 2714; x_wconf 83' lang='lat' dir='ltr'><strong>Sequentibus</strong></span> <span class='ocrx_word' id='word_1_135' title='bbox 524 2630 755 2704; x_wconf 69' lang='lat' dir='ltr'><strong>adumbratam</strong></span> <span class='ocrx_word' id='word_1_136' title='bbox 790 2629 943 2712; x_wconf 85' lang='lat' dir='ltr'><strong>„Signum</strong></span> <span class='ocrx_word' id='word_1_137' title='bbox 973 2647 1030 2692; x_wconf 87' lang='lat' dir='ltr'><strong>seu</strong></span> <span class='ocrx_word' id='word_1_138' title='bbox 1058 2627 1194 2712; x_wconf 81' lang='lat' dir='ltr'><strong>effigiem</strong></span> <span class='ocrx_word' id='word_1_139' title='bbox 1223 2627 1381 2692; x_wconf 79' lang='lat' dir='ltr'><strong>Draconis</strong></span> 
     </span>
     <span class='ocr_line' id='line_1_23' title="bbox 266 2712 1383 2799; baseline -0.001 -19"><span class='ocrx_word' id='word_1_140' title='bbox 266 2718 443 2796; x_wconf 86' lang='lat' dir='ltr'><strong>„incurvati</strong></span> <span class='ocrx_word' id='word_1_141' title='bbox 461 2736 518 2799; x_wconf 89' lang='lat' dir='ltr'><strong>per</strong></span> <span class='ocrx_word' id='word_1_142' title='bbox 536 2717 661 2780; x_wconf 86' lang='lat' dir='ltr'><strong>modum</strong></span> <span class='ocrx_word' id='word_1_143' title='bbox 683 2712 803 2792; x_wconf 87' lang='lat' dir='ltr'><strong>circuli,</strong></span> <span class='ocrx_word' id='word_1_144' title='bbox 824 2717 924 2778; x_wconf 85' lang='lat' dir='ltr'><strong>cauda</strong></span> <span class='ocrx_word' id='word_1_145' title='bbox 940 2733 998 2778; x_wconf 88' lang='lat' dir='ltr'><strong>sua</strong></span> <span class='ocrx_word' id='word_1_146' title='bbox 1012 2715 1126 2782; x_wconf 83' lang='lat' dir='ltr'><strong>cellum</strong></span> <span class='ocrx_word' id='word_1_147' title='bbox 1143 2717 1383 2798; x_wconf 80' lang='lat' dir='ltr'><strong>circumgyran-</strong></span> 
     </span>
     <span class='ocr_line' id='line_1_24' title="bbox 268 2801 1385 2884; baseline -0.001 -18"><span class='ocrx_word' id='word_1_148' title='bbox 268 2806 350 2883; x_wconf 92' lang='lat' dir='ltr'><strong>„tis,</strong></span> <span class='ocrx_word' id='word_1_149' title='bbox 373 2803 471 2866; x_wconf 89' lang='lat' dir='ltr'><strong>divisi</strong></span> <span class='ocrx_word' id='word_1_150' title='bbox 499 2821 556 2882; x_wconf 90' lang='lat' dir='ltr'><strong>per</strong></span> <span class='ocrx_word' id='word_1_151' title='bbox 578 2803 712 2865; x_wconf 88' lang='lat' dir='ltr'><strong>medium</strong></span> <span class='ocrx_word' id='word_1_152' title='bbox 735 2801 824 2863; x_wconf 87' lang='lat' dir='ltr'><strong>dorsi</strong></span> <span class='ocrx_word' id='word_1_153' title='bbox 853 2803 892 2862; x_wconf 83' lang='lat' dir='ltr'><strong>ed</strong></span> <span class='ocrx_word' id='word_1_154' title='bbox 915 2801 1141 2884; x_wconf 89' lang='lat' dir='ltr'><strong>longitudinem</strong></span> <span class='ocrx_word' id='word_1_155' title='bbox 1166 2823 1185 2863; x_wconf 88' lang='lat' dir='ltr'><strong>a</strong></span> <span class='ocrx_word' id='word_1_156' title='bbox 1206 2802 1385 2865; x_wconf 85' lang='lat' dir='ltr'><strong>summitate</strong></span> 
     </span>
     <span class='ocr_line' id='line_1_25' title="bbox 268 2889 1383 2971; baseline -0.003 -18"><span class='ocrx_word' id='word_1_157' title='bbox 268 2891 421 2971; x_wconf 86' lang='lat' dir='ltr'><strong>„capitis,</strong></span> <span class='ocrx_word' id='word_1_158' title='bbox 444 2897 474 2952; x_wconf 88' lang='lat' dir='ltr'><strong>et</strong></span> <span class='ocrx_word' id='word_1_159' title='bbox 496 2889 584 2966; x_wconf 88' lang='lat' dir='ltr'><strong>nasi,</strong></span> <span class='ocrx_word' id='word_1_160' title='bbox 607 2907 706 2969; x_wconf 87' lang='lat' dir='ltr'><strong>usque</strong></span> <span class='ocrx_word' id='word_1_161' title='bbox 729 2890 768 2949; x_wconf 88' lang='lat' dir='ltr'><strong>ad</strong></span> <span class='ocrx_word' id='word_1_162' title='bbox 791 2894 960 2951; x_wconf 82' lang='lat' dir='ltr'><strong>extremum</strong></span> <span class='ocrx_word' id='word_1_163' title='bbox 983 2890 1115 2966; x_wconf 67' lang='lat' dir='ltr'><strong>caudaea</strong></span> <span class='ocrx_word' id='word_1_164' title='bbox 1138 2889 1285 2951; x_wconf 80' lang='lat' dir='ltr'><strong>effluente</strong></span> <span class='ocrx_word' id='word_1_165' title='bbox 1304 2908 1383 2950; x_wconf 84' lang='lat' dir='ltr'><strong>san-</strong></span> 
     </span>
     <span class='ocr_line' id='line_1_26' title="bbox 269 2974 1383 3055; baseline 0.001 -19"><span class='ocrx_word' id='word_1_166' title='bbox 269 2977 381 3055; x_wconf 88' lang='lat' dir='ltr'><strong>„gvine</strong></span> <span class='ocrx_word' id='word_1_167' title='bbox 403 2977 436 3037; x_wconf 93' lang='lat' dir='ltr'><strong>in</strong></span> <span class='ocrx_word' id='word_1_168' title='bbox 459 2975 609 3037; x_wconf 87' lang='lat' dir='ltr'><strong>interiore</strong></span> <span class='ocrx_word' id='word_1_169' title='bbox 631 2976 712 3044; x_wconf 85' lang='lat' dir='ltr'><strong>rima</strong></span> <span class='ocrx_word' id='word_1_170' title='bbox 740 2974 901 3044; x_wconf 74' lang='lat' dir='ltr'><strong>scissurae</strong></span> <span class='ocrx_word' id='word_1_171' title='bbox 924 2974 1011 3052; x_wconf 86' lang='lat' dir='ltr'><strong>alba,</strong></span> <span class='ocrx_word' id='word_1_172' title='bbox 1034 2985 1064 3037; x_wconf 90' lang='lat' dir='ltr'><strong>at</strong></span> <span class='ocrx_word' id='word_1_173' title='bbox 1086 2976 1236 3055; x_wconf 85' lang='lat' dir='ltr'><strong>sangvine</strong></span> <span class='ocrx_word' id='word_1_174' title='bbox 1258 2975 1383 3042; x_wconf 74' lang='lat' dir='ltr'><strong>intaeta</strong></span> 
     </span>
     <span class='ocr_line' id='line_1_27' title="bbox 268 3061 1386 3142; baseline 0.004 -21"><span class='ocrx_word' id='word_1_175' title='bbox 268 3062 348 3138; x_wconf 86' lang='lat' dir='ltr'><strong>„Per</strong></span> <span class='ocrx_word' id='word_1_176' title='bbox 370 3061 596 3141; x_wconf 86' lang='lat' dir='ltr'><strong>longitudinem</strong></span> <span class='ocrx_word' id='word_1_177' title='bbox 618 3061 746 3142; x_wconf 80' lang='lat' dir='ltr'><strong>rubeam</strong></span> <span class='ocrx_word' id='word_1_178' title='bbox 769 3079 909 3138; x_wconf 82' lang='lat' dir='ltr'><strong>erucem,</strong></span> <span class='ocrx_word' id='word_1_179' title='bbox 933 3061 1059 3137; x_wconf 75' lang='lat' dir='ltr'><strong>sicuti,</strong></span> <span class='ocrx_word' id='word_1_180' title='bbox 1074 3068 1104 3122; x_wconf 88' lang='lat' dir='ltr'><strong>et</strong></span> <span class='ocrx_word' id='word_1_181' title='bbox 1126 3061 1386 3142; x_wconf 86' lang='lat' dir='ltr'><strong>quemadmodum</strong></span> 
     </span>
     <span class='ocr_line' id='line_1_28' title="bbox 268 3144 1385 3227; baseline 0.002 -21"><span class='ocrx_word' id='word_1_182' title='bbox 268 3147 348 3222; x_wconf 92' lang='lat' dir='ltr'><strong>„sub</strong></span> <span class='ocrx_word' id='word_1_183' title='bbox 371 3147 473 3226; x_wconf 85' lang='lat' dir='ltr'><strong>ipsius</strong></span> <span class='ocrx_word' id='word_1_184' title='bbox 496 3145 629 3226; x_wconf 86' lang='lat' dir='ltr'><strong>gloriosi</strong></span> <span class='ocrx_word' id='word_1_185' title='bbox 651 3145 806 3226; x_wconf 87' lang='lat' dir='ltr'><strong>Martyris</strong></span> <span class='ocrx_word' id='word_1_186' title='bbox 825 3147 955 3227; x_wconf 80' lang='lat' dir='ltr'><strong>Georgii</strong></span> <span class='ocrx_word' id='word_1_187' title='bbox 977 3145 1102 3207; x_wconf 81' lang='lat' dir='ltr'><strong>Vexillo</strong></span> <span class='ocrx_word' id='word_1_188' title='bbox 1119 3144 1288 3207; x_wconf 88' lang='lat' dir='ltr'><strong>militantes</strong></span> <span class='ocrx_word' id='word_1_189' title='bbox 1305 3166 1385 3209; x_wconf 91' lang='lat' dir='ltr'><strong>aru-</strong></span> 
     </span>
     <span class='ocr_line' id='line_1_29' title="bbox 269 3231 1386 3312; baseline 0.002 -20"><span class='ocrx_word' id='word_1_190' title='bbox 269 3249 355 3307; x_wconf 82' lang='lat' dir='ltr'><strong>„tem</strong></span> <span class='ocrx_word' id='word_1_191' title='bbox 373 3232 500 3294; x_wconf 89' lang='lat' dir='ltr'><strong>rubeam</strong></span> <span class='ocrx_word' id='word_1_192' title='bbox 522 3232 554 3293; x_wconf 92' lang='lat' dir='ltr'><strong>in</strong></span> <span class='ocrx_word' id='word_1_193' title='bbox 574 3231 644 3293; x_wconf 91' lang='lat' dir='ltr'><strong>albo</strong></span> <span class='ocrx_word' id='word_1_194' title='bbox 668 3251 776 3312; x_wconf 89' lang='lat' dir='ltr'><strong>eampo</strong></span> <span class='ocrx_word' id='word_1_195' title='bbox 793 3231 876 3293; x_wconf 82' lang='lat' dir='ltr'><strong>ferre</strong></span> <span class='ocrx_word' id='word_1_196' title='bbox 892 3231 1004 3308; x_wconf 88' lang='lat' dir='ltr'><strong>solent,</strong></span> <span class='ocrx_word' id='word_1_197' title='bbox 1028 3238 1197 3312; x_wconf 88' lang='lat' dir='ltr'><strong>gestantes,</strong></span> <span class='ocrx_word' id='word_1_198' title='bbox 1220 3239 1249 3293; x_wconf 88' lang='lat' dir='ltr'><strong>et</strong></span> <span class='ocrx_word' id='word_1_199' title='bbox 1263 3231 1386 3294; x_wconf 89' lang='lat' dir='ltr'><strong>baben-</strong></span> 
     </span>
     <span class='ocr_line' id='line_1_30' title="bbox 271 3315 1387 3400; baseline 0.004 -23"><span class='ocrx_word' id='word_1_200' title='bbox 271 3325 353 3394; x_wconf 69' lang='lat' dir='ltr'><strong>„tesa</strong></span> <span class='ocrx_word' id='word_1_201' title='bbox 375 3315 454 3393; x_wconf 86' lang='lat' dir='ltr'><strong>Nos,</strong></span> <span class='ocrx_word' id='word_1_202' title='bbox 480 3335 515 3378; x_wconf 86' lang='lat' dir='ltr'><strong>ec</strong></span> <span class='ocrx_word' id='word_1_203' title='bbox 537 3315 659 3379; x_wconf 82' lang='lat' dir='ltr'><strong>Fideles</strong></span> <span class='ocrx_word' id='word_1_204' title='bbox 671 3318 770 3398; x_wconf 84' lang='lat' dir='ltr'><strong>Regni</strong></span> <span class='ocrx_word' id='word_1_205' title='bbox 785 3318 895 3380; x_wconf 88' lang='lat' dir='ltr'><strong>Nostri</strong></span> <span class='ocrx_word' id='word_1_206' title='bbox 910 3317 1061 3394; x_wconf 87' lang='lat' dir='ltr'><strong>Berones,</strong></span> <span class='ocrx_word' id='word_1_207' title='bbox 1076 3325 1106 3379; x_wconf 88' lang='lat' dir='ltr'><strong>et</strong></span> <span class='ocrx_word' id='word_1_208' title='bbox 1117 3318 1267 3380; x_wconf 86' lang='lat' dir='ltr'><strong>Proeeres</strong></span> <span class='ocrx_word' id='word_1_209' title='bbox 1285 3339 1387 3400; x_wconf 89' lang='lat' dir='ltr'><strong>appa-</strong></span> 
     </span>
     <span class='ocr_line' id='line_1_31' title="bbox 270 3402 1389 3486; baseline 0.002 -22"><span class='ocrx_word' id='word_1_210' title='bbox 270 3411 421 3479; x_wconf 86' lang='lat' dir='ltr'><strong>„rentem,</strong></span> <span class='ocrx_word' id='word_1_211' title='bbox 443 3411 474 3464; x_wconf 90' lang='lat' dir='ltr'><strong>et</strong></span> <span class='ocrx_word' id='word_1_212' title='bbox 496 3402 619 3481; x_wconf 89' lang='lat' dir='ltr'><strong>publice</strong></span> <span class='ocrx_word' id='word_1_213' title='bbox 642 3405 837 3483; x_wconf 87' lang='lat' dir='ltr'><strong>portandam,</strong></span> <span class='ocrx_word' id='word_1_214' title='bbox 860 3411 890 3466; x_wconf 88' lang='lat' dir='ltr'><strong>et</strong></span> <span class='ocrx_word' id='word_1_215' title='bbox 913 3404 1071 3467; x_wconf 82' lang='lat' dir='ltr'><strong>ferendam</strong></span> <span class='ocrx_word' id='word_1_216' title='bbox 1093 3404 1273 3486; x_wconf 83' lang='lat' dir='ltr'><strong>eligimus“.</strong></span> <span class='ocrx_word' id='word_1_217' title='bbox 1292 3406 1389 3468; x_wconf 86' lang='lat' dir='ltr'><strong>Addit</strong></span> 
     </span>
     <span class='ocr_line' id='line_1_32' title="bbox 269 3487 1388 3572; baseline 0.002 -22"><span class='ocrx_word' id='word_1_218' title='bbox 269 3489 394 3551; x_wconf 86' lang='lat' dir='ltr'><strong>Vindek</strong></span> <span class='ocrx_word' id='word_1_219' title='bbox 418 3488 613 3570; x_wconf 72' lang='lat' dir='ltr'><strong>sigismundi</strong></span> <span class='ocrx_word' id='word_1_220' title='bbox 634 3488 732 3551; x_wconf 85' lang='lat' dir='ltr'><strong>Aulae</strong></span> <span class='ocrx_word' id='word_1_221' title='bbox 754 3487 934 3552; x_wconf 83' lang='lat' dir='ltr'><strong>Familiaris</strong></span> <span class='ocrx_word' id='word_1_222' title='bbox 949 3489 997 3572; x_wconf 86' lang='lat' dir='ltr'><strong>d),</strong></span> <span class='ocrx_word' id='word_1_223' title='bbox 1018 3489 1147 3568; x_wconf 82' lang='lat' dir='ltr'><strong>Equites</strong></span> <span class='ocrx_word' id='word_1_224' title='bbox 1171 3491 1307 3568; x_wconf 85' lang='lat' dir='ltr'><strong>duplicis</strong></span> <span class='ocrx_word' id='word_1_225' title='bbox 1330 3509 1388 3570; x_wconf 88' lang='lat' dir='ltr'><strong>ge-</strong></span> 
     </span>
     <span class='ocr_line' id='line_1_33' title="bbox 272 3572 1389 3656; baseline 0 -18"><span class='ocrx_word' id='word_1_226' title='bbox 272 3576 358 3638; x_wconf 88' lang='lat' dir='ltr'><strong>neris</strong></span> <span class='ocrx_word' id='word_1_227' title='bbox 381 3575 494 3650; x_wconf 83' lang='lat' dir='ltr'><strong>luisse,</strong></span> <span class='ocrx_word' id='word_1_228' title='bbox 518 3574 706 3636; x_wconf 88' lang='lat' dir='ltr'><strong>domesticos</strong></span> <span class='ocrx_word' id='word_1_229' title='bbox 730 3594 859 3638; x_wconf 90' lang='lat' dir='ltr'><strong>numero</strong></span> <span class='ocrx_word' id='word_1_230' title='bbox 882 3572 935 3653; x_wconf 79' lang='lat' dir='ltr'><strong>tt,</strong></span> <span class='ocrx_word' id='word_1_231' title='bbox 959 3575 1143 3656; x_wconf 88' lang='lat' dir='ltr'><strong>eosdemque</strong></span> <span class='ocrx_word' id='word_1_232' title='bbox 1171 3576 1265 3654; x_wconf 89' lang='lat' dir='ltr'><strong>primi</strong></span> <span class='ocrx_word' id='word_1_233' title='bbox 1289 3575 1389 3638; x_wconf 86' lang='lat' dir='ltr'><strong>Ordi-</strong></span> 
     </span>
     <span class='ocr_line' id='line_1_34' title="bbox 274 3659 1389 3742; baseline -0.001 -18"><span class='ocrx_word' id='word_1_234' title='bbox 274 3662 336 3738; x_wconf 90' lang='lat' dir='ltr'><strong>nis,</strong></span> <span class='ocrx_word' id='word_1_235' title='bbox 360 3662 413 3742; x_wconf 88' lang='lat' dir='ltr'><strong>qui</strong></span> <span class='ocrx_word' id='word_1_236' title='bbox 428 3661 601 3723; x_wconf 86' lang='lat' dir='ltr'><strong>Draconem</strong></span> <span class='ocrx_word' id='word_1_237' title='bbox 619 3680 635 3723; x_wconf 91' lang='lat' dir='ltr'><strong>e</strong></span> <span class='ocrx_word' id='word_1_238' title='bbox 652 3680 742 3724; x_wconf 89' lang='lat' dir='ltr'><strong>cruce</strong></span> <span class='ocrx_word' id='word_1_239' title='bbox 764 3661 948 3742; x_wconf 88' lang='lat' dir='ltr'><strong>pendentem</strong></span> <span class='ocrx_word' id='word_1_240' title='bbox 964 3659 1136 3742; x_wconf 90' lang='lat' dir='ltr'><strong>gestabant,</strong></span> <span class='ocrx_word' id='word_1_241' title='bbox 1159 3680 1227 3723; x_wconf 88' lang='lat' dir='ltr'><strong>eum</strong></span> <span class='ocrx_word' id='word_1_242' title='bbox 1244 3661 1389 3742; x_wconf 87' lang='lat' dir='ltr'><strong>lnscrip-</strong></span> 
     </span>
     <span class='ocr_line' id='line_1_35' title="bbox 275 3745 1391 3829; baseline -0.002 -19"><span class='ocrx_word' id='word_1_243' title='bbox 275 3748 360 3810; x_wconf 90' lang='lat' dir='ltr'><strong>tione</strong></span> <span class='ocrx_word' id='word_1_244' title='bbox 391 3747 423 3810; x_wconf 92' lang='lat' dir='ltr'><strong>in</strong></span> <span class='ocrx_word' id='word_1_245' title='bbox 457 3747 585 3829; x_wconf 88' lang='lat' dir='ltr'><strong>longum</strong></span> <span class='ocrx_word' id='word_1_246' title='bbox 616 3745 665 3825; x_wconf 88' lang='lat'><strong>„0</strong></span> <span class='ocrx_word' id='word_1_247' title='bbox 690 3767 800 3828; x_wconf 77' lang='lat' dir='ltr'><strong>quiam</strong></span> <span class='ocrx_word' id='word_1_248' title='bbox 834 3748 1087 3811; x_wconf 87' lang='lat' dir='ltr'><strong>misericors</strong></span> <span class='ocrx_word' id='word_1_249' title='bbox 1111 3755 1172 3809; x_wconf 90' lang='lat' dir='ltr'><strong>est</strong></span> <span class='ocrx_word' id='word_1_250' title='bbox 1204 3748 1334 3811; x_wconf 87' lang='lat' dir='ltr'><strong>Deus“</strong></span> <span class='ocrx_word' id='word_1_251' title='bbox 1356 3747 1391 3808; x_wconf 92' lang='lat' dir='ltr'><strong>in</strong></span> 
     </span>
     <span class='ocr_line' id='line_1_36' title="bbox 274 3832 1390 3920; baseline 0 -26"><span class='ocrx_word' id='word_1_252' title='bbox 274 3841 490 3896; x_wconf 81' lang='lat' dir='ltr'><strong>transversum</strong></span> <span class='ocrx_word' id='word_1_253' title='bbox 513 3834 646 3914; x_wconf 88' lang='lat' dir='ltr'><strong>„pius‚</strong></span> <span class='ocrx_word' id='word_1_254' title='bbox 670 3843 707 3897; x_wconf 87' lang='lat' dir='ltr'><strong>et</strong></span> <span class='ocrx_word' id='word_1_255' title='bbox 726 3832 892 3920; x_wconf 88' lang='lat' dir='ltr'><strong>justus“</strong></span> <span class='ocrx_word' id='word_1_256' title='bbox 915 3835 1054 3916; x_wconf 88' lang='lat' dir='ltr'><strong>reliquos</strong></span> <span class='ocrx_word' id='word_1_257' title='bbox 1072 3835 1257 3912; x_wconf 88' lang='lat' dir='ltr'><strong>Draconem,</strong></span> <span class='ocrx_word' id='word_1_258' title='bbox 1275 3855 1291 3897; x_wconf 91' lang='lat' dir='ltr'><strong>e</strong></span> <span class='ocrx_word' id='word_1_259' title='bbox 1308 3832 1390 3896; x_wconf 91' lang='lat' dir='ltr'><strong>eollo</strong></span> 
     </span>
    </p>
   </div>
   <div class='ocr_carea' id='block_1_6' title="bbox 187 3946 406 3959">
    <p class='ocr_par' dir='ltr' id='par_1_6' title="bbox 187 3946 406 3959">
     <span class='ocr_line' id='line_1_37' title="bbox 187 3946 406 3959; baseline 0.009 -2"><span class='ocrx_word' id='word_1_260' title='bbox 187 3946 406 3959; x_wconf 53' lang='lat' dir='ltr'>w</span> 
     </span>
    </p>
   </div>
   <div class='ocr_carea' id='block_1_7' title="bbox 157 3953 1392 4130">
    <p class='ocr_par' dir='ltr' id='par_1_7' title="bbox 157 3953 1392 4130">
     <span class='ocr_line' id='line_1_38' title="bbox 157 3953 1392 4062; baseline 0.002 -20"><span class='ocrx_word' id='word_1_261' title='bbox 157 3953 159 3956; x_wconf 22' lang='grc' dir='ltr'>Ι</span> <span class='ocrx_word' id='word_1_262' title='bbox 219 3993 244 4054; x_wconf 72' lang='lat'><strong>³)</strong></span> <span class='ocrx_word' id='word_1_263' title='bbox 264 3993 342 4056; x_wconf 84' lang='lat' dir='ltr'><strong>Quod</strong></span> <span class='ocrx_word' id='word_1_264' title='bbox 359 3993 439 4043; x_wconf 81' lang='lat' dir='ltr'><strong>simul</strong></span> <span class='ocrx_word' id='word_1_265' title='bbox 458 4005 520 4042; x_wconf 87' lang='lat' dir='ltr'><strong>curn</strong></span> <span class='ocrx_word' id='word_1_266' title='bbox 549 3992 664 4044; x_wconf 87' lang='lat' dir='ltr'><strong>laudatis</strong></span> <span class='ocrx_word' id='word_1_267' title='bbox 684 3994 800 4045; x_wconf 78' lang='lat' dir='ltr'><strong>Fundat.</strong></span> <span class='ocrx_word' id='word_1_268' title='bbox 822 3993 940 4062; x_wconf 78' lang='lat' dir='ltr'><strong>evulgat.</strong></span> <span class='ocrx_word' id='word_1_269' title='bbox 960 3993 1096 4060; x_wconf 75' lang='lat' dir='ltr'><strong>repento</strong></span> <span class='ocrx_word' id='word_1_270' title='bbox 1115 3991 1193 4044; x_wconf 77' lang='lat' dir='ltr'><strong>Actis¹</strong></span> <span class='ocrx_word' id='word_1_271' title='bbox 1212 3989 1263 4045; x_wconf 88' lang='lat' dir='ltr'><strong>ltu.</strong></span> <span class='ocrx_word' id='word_1_272' title='bbox 1282 3980 1392 4045; x_wconf 77' lang='lat' dir='ltr'><strong>blussttl</strong></span> 
     </span>
     <span class='ocr_line' id='line_1_39' title="bbox 271 4061 803 4130; baseline 0.008 -18"><span class='ocrx_word' id='word_1_273' title='bbox 271 4061 376 4114; x_wconf 79' lang='lat' dir='ltr'><strong>Notion.</strong></span> <span class='ocrx_word' id='word_1_274' title='bbox 396 4063 478 4126; x_wconf 81' lang='lat' dir='ltr'><strong>lrung.</strong></span> <span class='ocrx_word' id='word_1_275' title='bbox 498 4065 528 4114; x_wconf 85' lang='grc' dir='ltr'><strong>Τ.</strong></span> <span class='ocrx_word' id='word_1_276' title='bbox 546 4065 569 4114; x_wconf 91' lang='grc'><strong>1.</strong></span> <span class='ocrx_word' id='word_1_277' title='bbox 585 4079 610 4130; x_wconf 83' lang='lat' dir='ltr'><strong>p.</strong></span> <span class='ocrx_word' id='word_1_278' title='bbox 626 4065 686 4116; x_wconf 86' lang='grc'><strong>167.</strong></span> <span class='ocrx_word' id='word_1_279' title='bbox 702 4069 731 4115; x_wconf 85' lang='lat' dir='ltr'><strong>et</strong></span> <span class='ocrx_word' id='word_1_280' title='bbox 744 4061 803 4116; x_wconf 77' lang='lat' dir='ltr'><strong>tet.</strong></span> 
     </span>
    </p>
   </div>
   <div class='ocr_carea' id='block_1_8' title="bbox 222 4145 723 4207">
    <p class='ocr_par' dir='ltr' id='par_1_8' title="bbox 222 4145 723 4207">
     <span class='ocr_line' id='line_1_40' title="bbox 222 4145 723 4207; baseline 0.012 -8"><span class='ocrx_word' id='word_1_281' title='bbox 222 4145 249 4207; x_wconf 80' lang='lat' dir='ltr'><strong>b)</strong></span> <span class='ocrx_word' id='word_1_282' title='bbox 268 4150 352 4200; x_wconf 86' lang='lat' dir='ltr'><strong>lllodo</strong></span> <span class='ocrx_word' id='word_1_283' title='bbox 371 4151 471 4201; x_wconf 87' lang='lat' dir='ltr'><strong>nemin.</strong></span> <span class='ocrx_word' id='word_1_284' title='bbox 487 4151 604 4204; x_wconf 80' lang='lat' dir='ltr'><strong>Fundat.</strong></span> <span class='ocrx_word' id='word_1_285' title='bbox 619 4152 645 4204; x_wconf 90' lang='lat' dir='ltr'><strong>in</strong></span> <span class='ocrx_word' id='word_1_286' title='bbox 659 4151 723 4205; x_wconf 87' lang='lat' dir='ltr'><strong>lina.</strong></span> 
     </span>
    </p>
   </div>
   <div class='ocr_carea' id='block_1_9' title="bbox 223 4230 1393 4370">
    <p class='ocr_par' dir='ltr' id='par_1_9' title="bbox 223 4230 1393 4370">
     <span class='ocr_line' id='line_1_41' title="bbox 223 4230 1393 4360; baseline 0.002 -74"><span class='ocrx_word' id='word_1_287' title='bbox 223 4234 246 4300; x_wconf 73' lang='grc' dir='ltr'><strong>ο)</strong></span> <span class='ocrx_word' id='word_1_288' title='bbox 267 4235 521 4360; x_wconf 52' lang='lat' dir='ltr'><strong>bonfetffomb&#39;nb</strong></span> <span class='ocrx_word' id='word_1_289' title='bbox 537 4236 654 4304; x_wconf 77' lang='lat' dir='ltr'><strong>cnlriky</strong></span> <span class='ocrx_word' id='word_1_290' title='bbox 671 4240 820 4293; x_wconf 85' lang='lat' dir='ltr'><strong>Itxeroltat.</strong></span> <span class='ocrx_word' id='word_1_291' title='bbox 839 4240 872 4292; x_wconf 88' lang='lat' dir='ltr'><strong>de</strong></span> <span class='ocrx_word' id='word_1_292' title='bbox 891 4232 985 4291; x_wconf 78' lang='lat' dir='ltr'><strong>onita.</strong></span> <span class='ocrx_word' id='word_1_293' title='bbox 1002 4235 1093 4306; x_wconf 79' lang='lat' dir='ltr'><strong>liquit.</strong></span> <span class='ocrx_word' id='word_1_294' title='bbox 1112 4237 1206 4291; x_wconf 79' lang='lat' dir='ltr'><strong>durat</strong></span> <span class='ocrx_word' id='word_1_295' title='bbox 1226 4234 1315 4303; x_wconf 78' lang='lat' dir='ltr'><strong>flung.</strong></span> <span class='ocrx_word' id='word_1_296' title='bbox 1335 4230 1358 4304; x_wconf 71' lang='lat' dir='ltr'><strong>t.</strong></span> <span class='ocrx_word' id='word_1_297' title='bbox 1369 4235 1393 4290; x_wconf 80' lang='lat' dir='ltr'><strong>o.</strong></span> 
     </span>
     <span class='ocr_line' id='line_1_42' title="bbox 283 4320 517 4370; baseline 0.009 -14"><span class='ocrx_word' id='word_1_298' title='bbox 283 4321 299 4356; x_wconf 88' lang='lat' dir='ltr'><strong>n</strong></span> <span class='ocrx_word' id='word_1_299' title='bbox 320 4321 337 4356; x_wconf 92' lang='lat' dir='ltr'><strong>n</strong></span> <span class='ocrx_word' id='word_1_300' title='bbox 401 4321 434 4357; x_wconf 89' lang='lat' dir='ltr'><strong>su</strong></span> <span class='ocrx_word' id='word_1_301' title='bbox 450 4320 517 4370; x_wconf 84' lang='lat' dir='ltr'><strong>Jee.</strong></span> 
     </span>
    </p>
   </div>
   <div class='ocr_carea' id='block_1_10' title="bbox 226 4390 638 4463">
    <p class='ocr_par' dir='ltr' id='par_1_10' title="bbox 226 4390 638 4463">
     <span class='ocr_line' id='line_1_43' title="bbox 226 4390 638 4463; baseline 0.005 -15"><span class='ocrx_word' id='word_1_302' title='bbox 226 4390 252 4461; x_wconf 76' lang='lat' dir='ltr'><strong>t)</strong></span> <span class='ocrx_word' id='word_1_303' title='bbox 270 4393 304 4448; x_wconf 80' lang='lat' dir='ltr'><strong>ln</strong></span> <span class='ocrx_word' id='word_1_304' title='bbox 318 4391 384 4447; x_wconf 85' lang='lat' dir='ltr'><strong>Vlltt</strong></span> <span class='ocrx_word' id='word_1_305' title='bbox 396 4392 576 4463; x_wconf 45' lang='lat' dir='ltr'><strong>Elmdomssc.</strong></span> <span class='ocrx_word' id='word_1_306' title='bbox 595 4393 638 4450; x_wconf 80' lang='lat' dir='ltr'><strong>st.</strong></span> 
     </span>
    </p>
   </div>
   <div class='ocr_carea' id='block_1_11' title="bbox 0 0 1613 4864">
    <p class='ocr_par' dir='ltr' id='par_1_11' title="bbox 0 0 1613 4864">
     <span class='ocr_line' id='line_1_44' title="bbox 0 0 1613 4864; baseline 0 0"><span class='ocrx_word' id='word_1_307' title='bbox 0 0 1613 4864; x_wconf 95' lang='lat' dir='ltr'><strong> </strong></span> 
     </span>
    </p>
   </div>
  </div>
 </body>
</html>
