3138 4858
239 227 289 302 82

241 399 379 474 laveris
404 397 615 474 statuentis:
642 404 681 470 ut
708 393 867 474 Consilio
896 395 1214 474 Locumtencntiali
1238 397 1355 491 Regio
1373 419 1440 469 re-

241 501 401 574 ferantur
431 499 611 572 Censores
641 523 706 596 pro
744 500 857 575 Libris
885 503 1180 596 Evangelicorum
1209 499 1438 593 theologicis,

241 613 347 698 atque
367 599 571 696 symbolicis
589 602 792 675 revidendis
813 605 1022 700 applicandi,
1040 604 1224 698 eidemque
1235 603 1438 676 Dicasterio

237 705 407 776 librorum
431 724 559 775 recens
588 724 801 777 excusorum
836 709 902 777 tria
938 705 1154 801 exemplaria
1181 704 1438 778 submittantur.
1556 711 1557 752 i

242 804 315 882 Sed
334 803 429 875 foret
446 802 516 876 boc
544 807 670 877 etiam:
700 827 787 898 ergo
807 828 853 877 ne
883 807 926 878 ad
945 813 1082 896 omnia,
1112 829 1200 901 quae
1219 806 1299 878 Rex
1316 809 1355 879 vi
1372 828 1439 877 re-

242 907 377 977 ctoriae
396 908 584 999 potestatis
602 929 667 1000 pro
687 919 832 978 suorum
852 909 988 998 salute,
1018 920 1054 980 et
1079 907 1331 1000 tranquillitate
1351 911 1438 1000 agit,

241 1015 279 1078 et
296 1007 457 1095 ordinat,
486 1006 638 1079 disertus
664 1007 755 1101 legis
783 1007 938 1100 indultus
967 1009 1185 1104 praecedere
1213 1007 1347 1081 debet?
1382 1010 1443 1081 An

240 1130 310 1202 ego
342 1130 415 1180 non
441 1107 580 1178 meliori
607 1108 693 1179 Jure
732 1113 950 1183 sanctionem
974 1110 1056 1182 mibi
1091 1109 1231 1182 ostendi
1259 1110 1440 1200 desidero,

243 1233 334 1308 quae
371 1230 557 1280 censuram
590 1233 638 1282 ex
668 1210 782 1284 orbita
812 1216 1023 1288 executiuae
1056 1216 1267 1308 potestatis,
1306 1233 1441 1287 summo
1556 1225 1557 1286 3

241 1315 377 1385 Terrae
396 1311 549 1406 Principi
567 1313 708 1386 indubie
737 1320 994 1412 competentis,
1022 1315 1204 1410 excipiat?
1232 1315 1322 1401 Quid
1346 1313 1442 1408 qnod

239 1415 521 1488 luculentissimo
551 1415 715 1512 exemplo
735 1440 800 1513 per
819 1418 994 1490 comitiale
1014 1416 1219 1490 conclusum
1247 1414 1313 1506 *)‚
1341 1417 1443 1507 regia

241 1515 492 1588 ratihabitione
522 1515 714 1608 firmatum,
743 1521 1021 1614 praeexistentis
1049 1540 1222 1590 censurae
1248 1513 1480 1588 auctoritas*
1556 1519 1557 1596 ἐ

243 1626 368 1712 aperte
387 1625 612 1706 agnoscatur.

279 1737 319 1820 *)
342 1737 472 1798 Planum
496 1738 634 1798 eruditae
664 1736 827 1798 societatis
858 1736 1061 1818 hungaricae,
1085 1755 1165 1797 enno
1193 1735 1283 1798 1827.
1308 1737 1442 1800 diaetali

324 1823 530 1884 consensione
560 1821 742 1902 probatum,
774 1830 866 1902 atqua
897 1823 1015 1904 Regiae
1047 1820 1207 1905 llllajestati
1237 1821 1448 1900 substratum,

327 1927 403 1989 quae
426 1913 609 1988 sequuntur,
633 1907 671 1966 ed
693 1905 828 1969 litteram
852 1908 992 1970 continet
1014 1914 1186 1986 „suapte
1220 1904 1445 1969 intellecto
1556 1939 1557 1946 .

205 2065 208 2073 ¹
331 2013 391 2070 eo,
415 1993 517 2072 quod
540 1999 615 2053 tam
639 1991 729 2067 hee,
753 2012 865 2073 quam
888 1994 926 2054 in
949 2011 1096 2076 genere
1126 2010 1263 2053 omnes
1287 1992 1443 2062 editio-
1556 2059 1557 2062 Ἴ

330 2099 416 2153 nes,
452 2098 525 2157 per
545 2077 791 2140 Societatem
815 2079 1015 2140 eruditam
1037 2077 1303 2157 hungaricam
1327 2080 1443 2159 typis

328 2164 578 2246 vulgandae,
602 2165 644 2224 de
668 2182 761 2224 casu
786 2165 823 2226 iu
854 2182 997 2226 casum
1021 2163 1287 2240 revisionem,
1316 2172 1352 2225 et
1374 2166 1443 2225 ad-

326 2250 605 2330 probationem
631 2247 859 2325 Oensurae,
883 2256 1004 2327 prout
1027 2247 1112 2308 alia
1136 2267 1276 2326 opera,
1300 2249 1441 2311 subire

326 2335 536 2395 debeant.“
560 2334 805 2412 superveniente
828 2334 915 2412 regie
938 2333 1099 2393 sanctione
1121 2332 1180 2395 boc
1203 2333 1307 2412 ipsum
1331 2333 1442 2398 deinde
1556 2337 1557 2342 ’

325 2417 457 2481 statutis
483 2416 623 2501 ejusdem
647 2418 787 2479 Instituti
809 2423 926 2496 puncto
951 2417 1000 2481 ta.
1024 2417 1184 2479 inductum
1208 2427 1320 2481 exstet.

761 2608 798 2694 §.
827 2609 914 2682 459.

676 2757 722 2826 In
746 2757 998 2828 Contrarium.

346 2899 465 2976 Staret
483 2900 577 2974 istud
593 2939 646 2952 -·-
662 2900 811 2994 urgebat
829 2924 900 2975 non
919 2924 1025 2974 nemo
1041 2939 1094 2952 -·
1112 2903 1142 2974 si
1160 2903 1329 2976 institutis
1356 2905 1443 2975 iun·

244 3002 497 3077 damentalibus
534 3023 684 3074 censura
721 3025 792 3074 non
829 3004 1103 3092 adversaretur3
1146 3025 1270 3076 verum
1296 3005 1441 3077 libertas

241 3107 334 3203 preli
363 3107 406 3178 ad
419 3106 516 3194 justa
540 3106 817 3199 uniuscujusque
838 3109 919 3196 jura
946 3105 1053 3176 rebus
1082 3105 1159 3177 suis'
1184 3105 1304 3177 libere
1320 3106 1443 3178 utendi

243 3212 410 3303 pertinet,
431 3228 521 3299 quae
540 3207 658 3297 legum
675 3207 853 3300 praesidio
874 3211 1099 3295 communita,
1124 3210 1313 3300 unicuique
1342 3209 1442 3281 salva

242 3314 411 3403 persistat
431 3316 592 3400 oportet,
622 3311 811 3380 executiva
828 3331 919 3381 vero
938 3318 1097 3404 potestas
1118 3312 1260 3380 nonnisi
1278 3312 1313 3380 in
1333 3330 1443 3381 sensu

243 3411 362 3503 legum
382 3431 480 3482 suam
507 3409 699 3479 efficaciam
723 3431 897 3481 exercere
923 3421 958 3482 et
987 3419 1090 3481 antea
1125 3420 1277 3504 poterat.
1315 3411 1383 3482 Ast
1411 3415 1443 3483 si

243 3511 314 3583 hoc
333 3509 530 3606 significatu
544 3512 603 3601 jus
622 3508 733 3581 libere
752 3504 885 3600 utendi,
905 3510 1115 3603 fruendique
1136 3514 1303 3607 accipias,
1323 3534 1442 3584 nonne

243 3635 422 3686 venenum
443 3617 560 3702 etiam,
589 3622 625 3682 et
644 3617 791 3705 quaevis
812 3619 930 3686 toxica
948 3614 1150 3710 promiscue
1182 3617 1294 3687 cuivis
1323 3636 1387 3687 suo
1406 3619 1445 3686 in

240 3717 423 3811 territorio
442 3714 600 3785 vendere
619 3711 751 3802 licebit,
781 3739 848 3786 nec
877 3717 938 3788 tibi
967 3736 1068 3788 usum
1093 3717 1197 3805 inter,
1227 3728 1332 3813 atque
1351 3715 1444 3789 abu-

246 3835 323 3888 sum
343 3813 532 3889 discrimen
549 3814 657 3886 ullum
674 3836 920 3889 remansurum
938 3827 1004 3892 est.

771 4023 808 4109 §.
837 4023 924 4094 460.

590 4171 859 4246 Prneeente‘vue
890 4174 1091 4244 Centoras.

264 4357 266 4363 ’
298 4353 299 4358 ¹
346 4334 495 4427 Regiam
512 4337 631 4432 itaque
650 4339 870 4454 Maiestatem
896 4337 1021 4415 bacin
1047 4347 1149 4436 parta
1176 4344 1251 4416 suis
1274 4343 1444 4440 praecise
