3138 4858
98 185 277 332 'sa

228 395 331 471 simul
357 375 563 467 blandaterii
583 402 716 484 essent,
743 417 803 471 res
823 399 900 495 ipsa
914 395 1017 466 trium
1037 397 1238 472 seculorum
1256 395 1420 492 exemplo

226 499 401 586 illustrata
436 491 599 567 ostendit.
639 496 806 572 Strictum
835 506 999 596 praetera
1031 499 1189 588 Nuncics
1216 491 1252 570 in
1275 497 1421 593 reliquis

225 603 398 675 mansisse
420 596 584 683 cilicium,
612 618 747 690 eorum,
775 601 940 697 aquibus
957 602 1150 690 mittuntur,
1179 610 1332 672 mentem
1352 622 1423 672 ex·
1559 651 1560 656 ,

225 704 371 800 plicare,
398 685 647 796 appositisque
674 701 802 775 fulcire
839 707 1069 795 argumentis,
1097 705 1203 799 plene
1223 705 1420 775 consentio.

226 805 292 893 Qui
316 812 431 873 tamen
458 798 570 871 adhuc
594 803 743 876 ulterius
760 804 1036 902 progrediendo,
1063 809 1334 879 instructionum
1352 807 1423 875 im-

224 908 360 1002 perium
389 902 434 975 ad
472 908 619 998 quaevis
657 907 809 997 objecta,
837 910 914 980 sine
954 905 1174 997 discrimine,
1211 916 1308 978 tanto
1344 929 1422 979 cum

224 1011 345 1100 rigore
365 1007 561 1078 extendere
577 1011 720 1082 noviori
741 1006 979 1081 tantummodo
998 1030 1065 1082 usu
1084 1007 1357 1098 contendebant,
1384 1019 1423 1082 ut

225 1110 322 1183 abire
344 1112 380 1180 in
408 1108 510 1182 aliam
543 1111 752 1182 sententiam
773 1151 825 1164 -
843 1114 983 1184 tametsi
1004 1117 1241 1186 convicto-
1260 1111 1422 1184 absolute

224 1213 430 1299 nonlieeat,
457 1211 583 1284 thesim
603 1216 718 1287 avitae
746 1213 1000 1288 constitutioni
1017 1239 1052 1288 -e
1079 1215 1249 1288 diametro
1284 1225 1421 1287 contra-

224 1317 312 1388 riam
330 1315 555 1413 adoptarunt,
572 1323 699 1412 utpote·
715 1319 815 1409 eujus
836 1316 1072 1403 cardinalibus
1093 1328 1303 1391 accensetur
1321 1323 1450 1416 prin-3

226 1421 346 1517 cipiis,
376 1417 492 1512 quod
521 1415 571 1488 de
606 1418 796 1517 publica
832 1419 1310 1515 Regni-necessitate
1349 1423 1441 1492 c'o-·

224 1541 473 1616 gnoscere,
502 1527 549 1590 et
576 1542 670 1592 cum
697 1521 824 1618 Rege
852 1524 1096 1612 decidere,
1141 1524 1308 1617 comitiali
1335 1546 1422 1596 cor-

225 1627 306 1720 pori
331 1629 554 1696 reservatum
578 1622 760 1695 habeatur.
1444 1629 1447 1638 “

753 1794 790 1883 §.
819 1795 905 1868 415.

597 2039 598 2044 Ἰ
731 1946 913 2018 Nanet'oe.

327 2115 409 2190 Non
448 2116 642 2190 observent
678 2119 919 2211 cognitionem
947 2119 1049 2190 istam
1078 2137 1297 2211 nequequam
1334 2117 1425 2211 apud

227 2220 425 2315 singulares
443 2220 728 2309 iurisdictiones,
743 2222 807 2292 sed
825 2220 1063 2292 tautummodo
1083 2223 1120 2290 in
1138 2219 1297 2311 generali
1307 2219 1425 2313 Regni
1498 2269 1502 2277 .

230 2323 429 2411 Conventu,
457 2345 592 2419 perque
612 2322 798 2394 diaetalem
817 2321 986 2395 duntaxat
1004 2324 1308 2393 concertationem
1327 2323 1424 2415 legi-

224 2431 308 2499 time
328 2426 470 2513 evolvi3
499 2435 602 2518 atque
629 2427 836 2497 resultatum
865 2445 968 2494 omne
994 2445 1015 2494 e
1050 2426 1177 2496 mutuis
1205 2424 1423 2514 tractatibus,
1523 2509 1529 2520 ¹

224 2534 318 2603 inter
335 2529 545 2622 Principem,
574 2535 610 2596 et
628 2525 747 2600 Status
773 2527 972 2598 diaetaliter
996 2535 1236 2621 congregatos
1263 2530 1424 2599 interce-

226 2631 401 2718 dentibus,
432 2628 556 2722 quibus
577 2628 714 2701 scilicet
743 2628 917 2723 legiferae
936 2633 1125 2724 potestatis
1145 2631 1424 2700 communionem

225 2733 411 2805 exclusive
429 2731 531 2823 leges
551 2740 792 2821 asseruerant,
818 2753 994 2826 nunquam
1014 2742 1112 2804 certe
1131 2730 1247 2823 aliter,
1268 2752 1335 2803 nec
1353 2730 1424 2801 ali-
1477 2743 1480 2750 '

224 2833 315 2907 uude
335 2832 484 2907 obtineri
505 2835 674 2927 quivisse.
1314 2869 1317 2876 ·

758 3029 793 3115 §.
824 3029 910 3102 416.

533 3179 580 3254 Io
609 3177 845 3251 Tractatitius
871 3175 1120 3256 naucratim.

328 3353 409 3426 Non
429 3352 623 3426 observant
640 3360 836 3452 --repeto
854 3389 907 3402 -
923 3350 983 3423 vel
1002 3349 1115 3422 ideam
1135 3357 1303 3422 tractatus
1323 3349 1426 3420 simi-

222 3458 266 3531 lis
284 3460 357 3532 vim
371 3456 460 3528 adeo
484 3459 742 3550 imperativam,
771 3463 888 3548 qn'ae
916 3462 1063 3524 toturn
1082 3448 1425 3548 corpu'sRegui

224 3561 481 3656 cumplena
509 3557 753 3631 facultate
782 3550 1422 3647 absentiumrepraesentantes')

223 3663 384 3736 absolute
402 3662 542 3754 ligaret,
564 3663 705 3732 omnino
725 3657 926 3729 excludere.
956 3654 1123 3730 Proiecto
1147 3655 1323 3726 contraria
1355 3651 1425 3723 do-

224 3767 335 3838 ctrina
363 3764 443 3833 huic
461 3762 635 3850 theoriae,
660 3762 799 3855 qualem
817 3758 921 3832 isthic
944 3779 1017 3830 uon
1046 3759 1178 3829 nostris
1215 3755 1340 3843 solum,
1369 3763 1424 3826 ast

224 3872 319 3943 sanis
348 3867 500 3938 omnium
518 3863 750 3958 populorum,
774 3863 856 3950 jure
874 3861 1182 3956 repraesentativa
1208 3861 1244 3929 iu
1272 3855 1424 3949 legisla-

224 3975 359 4045 tionem
377 3965 608 4054 influentium,
628 3965 811 4060 principiis
823 3960 879 4053 ⁴⁵),
908 3955 1204 4054 continuataeque
1223 3959 1315 4056 apud
1334 3979 1425 4030 eos-

141 4125 144 4130 ·
224 4076 303 4148 dem
333 4071 585 4144 observantiae
612 4070 767 4137 innixam
786 4064 933 4136 candide
953 4064 1187 4158 exponimus;
1214 4061 1300 4134 nihil
1319 4060 1425 4132 facile

225 4179 427 4275 reperietur
457 4171 616 4266 dignitati
642 4168 837 4262 legislativi
856 4167 1039 4262 corporis,
1068 4165 1359 4240 deliberationum
1376 4164 1426 4236 li-

219 4345 435 4368 m

255 4413 281 4481 ⁸)
302 4411 381 4468 14³5.
400 4413 429 4468 iu
447 4401 635 4480 Praetutium
655 4426 739 4482 supra
758 4409 847 4467 elue.
