3158 4864
1280 245 1351 324 ild

157 409 284 484 buntur
313 417 360 509 ⁸),
389 417 586 514 eodemque
606 416 708 490 titulo
736 414 977 492 Conventibns
999 415 1148 514 publicis
1167 415 1355 490 confestim

157 517 335 591 interesse
365 531 572 615 cooperunt,
600 519 768 591 Hartvioo
794 530 887 593 tosta
917 519 974 610 ¹'),
1013 541 1116 613 quem
1145 517 1353 591 documenta

158 635 294 687 coaeva
324 622 371 713 ⁶),
400 631 435 694 ct
455 624 616 718 proximo
634 623 866 722 insequentes
879 622 989 720 ,legas
1019 619 1053 714 ⁴¹)
1072 621 1249 693 evincunt.

705 823 714 841 .
746 771 829 844 158.

272 901 327 973 Ac
354 770 1000 991 tandemL2·terar§nm,1teptarum
1029 853 1234 970 werrarum.

260 1041 386 1120 Tribus
408 1049 614 1143 praemissis
643 1045 830 1120 Ordinibus
852 1046 1028 1142 quomodo
1053 1054 1196 1142 quartus
1221 1042 1354 1116 sensim

159 1146 372 1239 adcreverit,
399 1148 594 1222 videamus.
628 1150 706 1222 Jam
729 1149 835 1224 Geisa
861 1149 975 1237 Duco,
1004 1154 1116 1244 magis
1140 1155 1255 1222 autem
1275 1148 1354 1240 ojus

157 1247 229 1321 lilio
250 1249 364 1347 Rege,
383 1261 527 1348 practer
545 1251 753 1348 optimates,
773 1251 991 1348 Nobilesque
1014 1253 1246 1346 alienigenas,
1265 1272 1355 1347 per-

158 1351 255 1424 multi
286 1352 436 1450 plebeae
469 1352 682 1428 conditionis
715 1357 939 1444 commercii,
978 1353 1131 1451 opificii,
1160 1355 1352 1426 alteriusve

157 1455 289 1526 laboris
324 1455 516 1528 exercendi
547 1460 661 1550 gratia
695 1459 837 1529 evocati
868 1458 923 1548 ⁶),
965 1454 1174 1552 quandoque
1208 1459 1353 1552 proprio

158 1557 320 1654 impulsu,
350 1559 413 1630 sub
432 1567 536 1655 pacto
558 1558 782 1631 nibilominus
801 1556 977 1631 retinendi
998 1557 1101 1630 liberi
1121 1566 1233 1632 status
1252 1556 1355 1627 Hun-

159 1662 292 1752 gariam
310 1661 558 1734 subintrarunt.
587 1658 654 1747 Qui
677 1683 755 1731 cum
777 1681 816 1732 sc
841 1662 1062 1756 potissimum
1085 1661 1178 1731 inter
1198 1660 1354 1756 Populos

160 1767 279 1851 castri,
300 1766 377 1836 sive
396 1764 537 1835 accolas
558 1761 774 1834 domesticae
794 1763 954 1854 originis,
975 1761 1017 1832 ab
1037 1762 1132 1835 beris
1156 1765 1229 1834 suis
1248 1761 1353 1858 plene

158 1867 414 1954 manumissos,
440 1867 621 1958 regiisque
650 1862 714 1936 sub
735 1866 861 1936 castris
884 1850 1080 1956 degeites,
1108 1862 1151 1933 ad
1171 1861 1355 1936 Praedium

158 1962 332 2060 quoddam
360 1967 483 2058 regale
511 1965 711 2056 illocarent,
735 1967 882 2056 junctim
916 1987 994 2036 cum
1019 1967 1097 2038 istis
1124 1965 1353 2060 Hospites

156 2069 285 2159 rogii
311 2071 347 2140 in
365 2068 516 2161 antiquis
538 2066 680 2156 chartis,
708 2067 751 2138 ab
770 2071 857 2163 ipsis
877 2087 1053 2163 persaepe
1074 2066 1232 2159 Regibus
1251 2065 1353 2138 fuere

157 2171 327 2242 nominati
363 2166 405 2259 ¹).
432 2168 488 2241 Ex
516 2168 570 2240 his
598 2170 797 2264 complures
824 2169 1073 2262 agriculturam
1093 2167 1353 2263 amplectendo,

157 2292 340 2343 numerum
374 2267 717 2344 conditionariorum
751 2283 940 2360 auxerunt3
979 2271 1037 2342 alii
1069 2280 1237 2366 quaestu,
1275 2273 1354 2344 siva

159 2373 392 2468 qualicunque
419 2373 584 2446 illiberali
607 2383 682 2446 arte
709 2375 807 2448 vitae
830 2372 1047 2445 adminiculis
1072 2370 1355 2469 prospiciebant3

158 2474 296 2568 quidam
325 2475 484 2565 demum,
512 2476 731 2550 valentiores
772 2475 919 2549 subinde
957 2474 1107 2566 redditi,
1135 2497 1181 2547 ne
1210 2474 1355 2550 alterius
1410 2553 1411 2558 ,

156 2581 303 2649 servitio
322 2600 474 2673 unquam
487 2575 632 2650 obnoxii
652 2575 859 2668 evaderent,
879 2600 944 2673 pro
965 2587 1038 2651 tota
1063 2600 1125 2650 sua
1145 2573 1351 2649 Communi-

155 2686 227 2752 tatc
270 2679 595 2772 Privilcgium
638 2681 748 2773 vulgo
792 2679 1027 2752 libertatis
1061 2684 1352 2777 impetraverunt,

156 2781 288 2854 virtuto
312 2783 412 2872 cujus
430 2782 524 2854 Villa
545 2802 680 2873 eorum,
709 2780 858 2873 adjectis
885 2785 1031 2877 insuper
1054 2781 1258 2877 quibusdam
1284 2783 1355 2852 im-

157 2883 380 2956 munitatibus
392 2882 447 2976 ¹⁵),
467 2907 488 2956 a
506 2883 760 2958 iurisdictione
777 2883 923 2968 Comitis
942 2881 1055 2956 Casiri
1073 2883 1353 2974 eximebatur),

158 2985 281 3058 similis
298 2995 425 3086 postca
443 2988 544 3061 locus
572 2988 727 3062 libera
754 2988 874 3060 villa
903 2987 1015 3062 dictus
1035 2997 1091 3062 est
1120 2985 1165 3080 ¹¹).

198 3105 240 3192 ⁴⁵)
264 3107 380 3183 Quales
401 3107 504 3177 fueret
524 3107 580 3196 jus
604 3111 740 3194 eligendi
760 3111 1000 3195 Magistratum,
1031 3111 1253 3194 propriumque
1282 3108 1356 3172 Pa-

241 3195 344 3259 rlum
366 3196 545 3276 ludicium3
569 3197 641 3277 Jus,
664 3199 745 3282 quod
767 3199 955 3264 Patronatus
978 3207 1099 3280 vocant,
1122 3197 1154 3261 in
1176 3195 1355 3262 Paraeoium

155 3327 359 3347 *μασι-Ἀ

186 3387 200 3416 ⁸
231 3377 261 3430 Β.
280 3377 376 3444 scopu.
395 3379 460 3430 Dec.
479 3380 509 3432 1..
529 3380 552 3432 1.
572 3379 602 3430 G·
623 3379 648 3433 3.
667 3401 703 3417 -·
720 3381 750 3433 Ρ.
770 3387 814 3436 1··
844 3389 876 3437 11.
893 3387 918 3436 2.

183 3441 198 3480 b
232 3448 279 3510 op.
300 3449 344 3499 clt.
365 3449 649 3514 edtt.1>ray.p.135.

185 3525 211 3575 ο1
230 3517 289 3570 Vld.
305 3520 377 3585 Dlpl.
391 3521 420 3574 S.
435 3521 529 3586 steph.
549 3522 618 3583 apud
633 3520 728 3573 Kollar
744 3521 816 3573 Hist.
834 3523 924 3589 Epiro.
938 3517 1160 3587 Quinqueacclcn.
1179 3517 1210 3567 ¹1¹.
1230 3519 1255 3568 1.
1270 3529 1295 3581 p.
1311 3509 1353 3567 dl.

185 3588 212 3652 tl)
232 3590 260 3642 S.
278 3591 341 3644 laad.
360 3595 425 3642 nec.
438 3594 466 3644 L.
484 3594 507 3644 1.
526 3592 552 3642 ln
569 3591 658 3643 Praei.

185 3661 211 3726 ο)
232 3661 313 3726 Spec.
330 3662 429 3716 idmod.
443 3669 547 3716 evocat.
564 3661 620 3715 vid.
642 3675 731 3728 spara.
755 3663 782 3712 ln
799 3663 861 3716 Car.
879 3663 991 3728 Vagner
1009 3657 1106 3710 Annal.
1124 3658 1203 3720 Scep.
1230 3654 1306 3706 sacr.
1324 3656 1354 3704 et

239 3733 307 3798 prol.
327 3759 362 3769 -
379 3735 445 3784 item
458 3733 594 3799 Kaprlnay
607 3733 679 3784 litat.
692 3733 752 3798 dipl.
770 3734 800 3784 P.
817 3737 841 3786 2.
860 3751 885 3801 p.
904 3733 961 3785 160.
975 3758 1011 3768 -
1029 3729 1089 3781 192.
1107 3733 1134 3777 ct
1148 3739 1205 3790 aeq.

187 3806 208 3871 t
226 3804 573 3928 autunum
590 3805 828 3926 tuumne.
847 3805 963 3926 aaut
981 3793 1387 3928 urrunnun·

286 3911 292 3924 .
374 3912 379 3922 .
524 3890 691 3927 .uo.ur
758 3891 970 3930 ureaer..
1041 3906 1048 3921 ·
1131 3907 1138 3922 ·
1258 3902 1265 3914 ·
1345 3896 1353 3914 ·

233 3943 315 3998 ri'utlt.
334 3950 421 4012 prout
448 3972 483 3981 -
500 3948 532 3997 lt.
550 3889 637 4010 {jasa
656 3891 811 4002 BelacqlV.
830 3960 880 4011 pro
900 3947 958 4000 (liv.
977 3945 1095 4007 Tyrnav.
1113 3939 1195 3990 Anno
1215 3935 1293 3991 1238·
1313 3947 1355 4002 ap.
1410 3999 1412 4006 ,

229 4014 278 4066 titt
297 4015 323 4066 ln
341 4017 405 4067 Not.
422 4015 513 4082 flung.
531 4017 562 4066 Τ.
582 4015 616 4067 ll.
635 4032 661 4082 p.
679 4017 704 4069 9.

182 4091 209 4151 a)
228 4089 290 4153 Dip.
318 4088 401 4142 Boias
416 4088 463 4141 Ν.
484 4089 516 4140 da
538 4090 576 4138 ΑΟ
602 4086 678 4140 1214.
697 4100 759 4138 mox
774 4086 818 4138 cit.
835 4085 907 4151 quod
930 4098 992 4137 curn
1012 4081 1074 4136 aliis
1092 4081 1173 4132 duob.
1197 4077 1256 4132 aod.
1274 4077 1354 4128 Anno

231 4154 314 4210 civit.
331 4157 458 4278 Kappoaa
480 4166 507 4210 et
523 4157 638 4224 Zolporn
660 4173 738 4210 conc.
758 4163 845 4223 praet.
867 4157 918 4207 alia
945 4155 980 4207 lbi
1001 4168 1057 4219 rap.
1079 4152 1106 4202 in
1122 4151 1183 4205 liat.
1203 4150 1277 4204 libat.
1291 4147 1354 4203 crit.

181 4297 209 4362 ¹¹)
228 4299 290 4362 Dtp.
304 4244 414 4356 sibod.
431 4298 463 4348 dc
477 4301 555 4350 dono
573 4301 650 4352 1082.
669 4315 722 4364 quo
741 4301 837 4351 inuadat
854 4299 946 4364 liptao.
960 4295 1061 4356 Vaazp.
1078 4307 1121 4358 ap.
1139 4293 1211 4361 Pray
1227 4295 1253 4348 in
1273 4285 1354 4358 spec.

230 4367 307 4417 llier.
324 4370 413 4431 Huog.
434 4369 465 4419 Τ.
483 4374 506 4420 1.
524 4384 548 4433 p.
566 4368 626 4422 aad.
643 4375 672 4420 et
688 4384 747 4435 seq.
766 4385 780 4420 e
804 4385 864 4434 cop.
880 4369 954 4420 anth.
971 4365 1097 4432 produnt.
1115 4390 1151 4404 —
1168 4367 1235 4422 Lud.
1255 4368 1275 4418 1.
1286 4367 1356 4418 Dec.

230 4443 281 4492 art.
301 4437 326 4492 6.
342 4462 377 4476 ·-
396 4439 479 4505 Quoia
491 4439 648 4504 iumliltum
664 4443 769 4506 expior.
786 4441 874 4495 Verlt·
893 4435 918 4504 ἓ.
938 4442 971 4502 5,
990 4436 1016 4490 7.
1035 4439 1064 4488 et
1080 4435 1106 4488 9.
