3144 4860
1276 215 1347 289 113

149 367 361 458 Provinciis,
389 369 440 440 uti
458 365 546 444 alias
562 369 643 446 Rex
659 375 737 470 ipse
751 377 899 466 junctim
915 377 1004 452 istas
1023 377 1210 471 meruel,
1234 381 1344 457 salvis

148 471 318 548 videlieet
333 474 437 544 unius
456 473 625 569 cujusque
646 475 787 551 ditionis
804 477 956 571 legibus,
985 477 1084 555 salva
1106 485 1231 576 cuique
1249 505 1342 578 pro-

148 579 226 672 pria
249 577 514 664 constitutione,
541 584 646 671 atque
662 582 698 650 in
717 582 838 674 specie
856 579 972 673 Regni
988 579 1189 674 Hungariae
1209 605 1229 654 a
1250 588 1344 658 reli·

150 675 524 773 qulsindepeudentia,
538 678 758 754 etlibertate.
779 681 1144 771 0bjicientnonnulli:
1165 683 1281 776 legem
1301 686 1345 757 de

149 780 294 868 Tutela,
322 779 479 852 Palatino
511 777 649 871 delata,
687 782 829 856 disertis
860 782 980 856 verbis
1009 805 1074 878 per
1104 789 1346 879 posteriorem

148 881 314 956 abolitam
331 883 493 975 nuspiam
510 880 640 971 fuisse,
669 883 830 977 adeoque
861 881 1034 958 adversus
1054 884 1171 974 illam,
1200 885 1346 960 dissen-

148 983 314 1057 tientibus
335 982 452 1076 Regni
473 981 673 1075 Ordinibus,
702 986 878 1080 quidpiam
900 983 1043 1059 decerni
1058 989 1198 1060 minime
1218 1009 1361 1084 posse..

701 1163 708 1178 .
741 1112 824 1184 139.

270 1231 388 1307 Modo
417 1110 735 1308 concatenatim
760 1239 887 1326 liepm'
917 1236 1117 1310 Ordzioz'bae
1141 1243 1218 1325 fiat.

249 1355 469 1454 Allegabunt·
489 1359 634 1452 insuper
662 1357 805 1432 easdem
832 1362 928 1453 ipsas
958 1359 1237 1434 fundamentales
1263 1361 1343 1434 illas

149 1462 371 1548 sanctiones,
421 1461 521 1552 queis
558 1470 593 1530 ct
627 1459 776 1556 Sceptra
808 1464 971 1554 regnanti
1011 1461 1138 1533 Domui
1168 1473 1342 1558 perpetuo

147 1561 256 1650 illata,
284 1571 319 1632 et
339 1563 422 1631 unio
443 1559 643 1654 Hungariae
666 1583 743 1632 cum
767 1561 913 1656 reliquis
933 1561 1160 1634 Monarchiaa
1183 1563 1340 1658 partibus

148 1662 369 1736 constabilita
391 1661 505 1748 fuere,
534 1672 605 1734 tum
634 1664 833 1758 complures
862 1663 948 1736 olias
969 1663 1144 1747 tardiores
1168 1687 1341 1760 expresse

144 1764 283 1855 jubere,
309 1763 464 1856 reliquas
485 1763 601 1856 Regni
625 1764 742 1859 leges,
769 1768 1017 1855 immunitates,
1045 1769 1342 1861 praerogativas-

113 1949 117 1958 ·
147 1888 215 1961 que
234 1869 421 1939 universas
441 1865 612 1936 inviolate
635 1886 794 1953 servare,
824 1866 1005 1939 cavendo:
1036 1889 1112 1960 ,ne
1139 1867 1343 1961 Regnum
1442 1864 1444 1868 ’

148 1967 444 2064 „Hungariae
463 1968 597 2038 volut
621 1970 823 2062 propria
843 1967 1205 2040 Constitutione
1232 1991 1341 2062 gau-

147 2070 306 2163 „dens,
334 2067 384 2138 ad
409 2088 597 2139 normam
630 2066 1045 2140 haereditariarum
1071 2069 1341 2142 Provincia-

147 2186 262 2263 „rum
289 2167 584 2262 gubernatum
600 2171 645 2260 ¹).
674 2168 942 2264 Qualescunquo
966 2168 1114 2264 proinde
1140 2180 1340 2244 testamen-

146 2275 257 2343 tariae
279 2269 491 2341 Fordinandi
511 2270 537 2341 Ι.
570 2269 603 2361 a)
626 2274 843 2367 aliorumque
858 2272 1056 2367 Principum
1072 2272 1341 2344 Austriacerum

147 2373 362 2445 domesticae
381 2367 634 2467 dispositioncs
656 2374 687 2464 ⁶)
705 2373 748 2444 de
763 2372 919 2465 legitima
936 2372 1191 2446 successorum
1210 2382 1340 2462 catate,

147 2486 250 2570 atque
268 2475 377 2546 tutela
397 2473 559 2546 conditae
577 2474 708 2546 fuerint
725 2472 925 2568 aliquando,
952 2498 1017 2571 pre
1034 2475 1142 2568 legali
1158 2478 1194 2546 in
1209 2473 1337 2567 Regno

145 2575 344 2669 Hungariae
366 2596 489 2646 norma
505 2574 597 2646 haud
613 2575 811 2666 deservire,
839 2579 898 2669 qui
920 2587 1037 2649 tamen
1054 2580 1121 2650 ista
1138 2574 1337 2670 proferunt,

144 2678 317 2765 viderint,
354 2676 529 2771 quomodo
560 2676 650 2748 hanc
682 2698 780 2749 suam
813 2680 1015 2772 opinionem
1049 2700 1127 2748 eum
1157 2676 1339 2748 tenoribus

145 2778 413 2850 fundamentalis
431 2779 525 2876 illius
545 2779 636 2871 legis
650 2779 840 2849 conciliare
854 2778 1025 2873 possibile
1041 2782 1098 2867 sit,
1118 2800 1184 2872 qna
1198 2777 1339 2850 stabili-

144 2891 216 2952 tum
243 2879 410 2951 habetur:
439 2891 477 2952 ut
490 2879 652 2973 Regnum
671 2879 872 2972 Hungariae
895 2900 972 2949 cum
997 2883 1149 2950 caeteris
1168 2876 1338 2950 haeredi-

145 2984 243 3055 tariis
265 2983 456 3054 communis
486 2980 693 3077 imperantis
713 2982 910 3054 Provinciis
936 2980 1336 3066 indivisibiliter,

145 3107 197 3154 ac
230 3082 636 3177 inseparabiliter
663 3085 836 3173 invicem,
873 3091 911 3153 et
946 3084 1088 3154 insimul
1115 3090 1272 3173 regatur,
1302 3088 1339 3148 et

143 3184 396 3279 gubernentur.
1149 3213 1151 3218 v

697 3389 704 3403 .
738 3339 783 3408 14
813 3387 820 3404 .

358 3457 488 3532 Tutela
513 3459 608 3528 daeo
634 3336 751 3546 Ripae
778 3339 930 3546 godrado
958 3457 1114 3527 decebat.

246 3607 310 3680 Est
328 3606 422 3700 quod
440 3608 616 3693 miremur,
645 3602 768 3674 eadem
788 3603 992 3688 occasione,
1013 3619 1079 3691 qua
1089 3595 1246 3668 Palatino
1259 3595 1336 3668 'lu-

144 3709 215 3782 tcla
234 3708 349 3780 delata
376 3705 454 3798 init,
482 3729 554 3779 non
574 3704 676 3778 simul
701 3706 872 3777 sancitum
890 3699 1015 3790 fuisse,
1044 3720 1227 3794 quousque
1246 3721 1335 3793 per-

144 3811 271 3882 durare
289 3809 383 3879 illam
406 3809 597 3905 oporteat?
624 3808 738 3893 Quoto
766 3807 872 3899 igitur
900 3823 992 3875 auno
1009 3799 1166 3891 Maiores
1185 3800 1339 3872 evadant

143 3911 264 4005 Reges
282 3909 515 4004 Hungariae?
541 3932 609 3983 nec
631 3909 713 4004 lege
732 3906 825 3996 ulla,
862 3904 927 3978 sed
953 3924 1068 3999 neque
1095 3901 1336 3990 observantia,

173 4077 205 4144 Ι)
218 4080 288 4132 Vide
304 4081 381 4134 1717.
399 4079 426 4134 3.
444 4109 478 4122 -
495 4084 574 4136 ttae.
590 4083 617 4134 ³·
636 4079 712 4135 1711.
727 4081 752 4133 8.
771 4079 849 4132 1791.
865 4080 907 4131 10.
927 4082 955 4128 et
969 4075 1045 4128 univ.
1057 4075 1150 4138 inaug.
1163 4071 1236 4138 Dipl.

170 4149 200 4214 ¹³)
217 4152 261 4236 D.⁰
285 4148 508 4204 caciaredam
527 4150 612 4218 mit,
637 4165 753 4218 quorum
778 4148 899 4202 meminit
922 4145 1085 4234 luter-allos
1109 4145 1262 4206 Hormeyer
1288 4139 1337 4206 op.
1415 4189 1419 4196 .

171 4291 196 4354 ο)
214 4219 409 4412 &laq-&pud
424 4289 582 4424 ¹itloqmgyer
596 4291 645 4358 Op.
664 4291 710 4345 cit.
728 4291 755 4342 lo
769 4288 854 4342 Maut.
876 4289 1039 4340 Document.
1057 4279 1131 4336 xvi.
1145 4287 1174 4338 et
1191 4281 1339 4336 Sobrdttor

189 4371 422 4427 ,popano
489 4396 541 4415 ..
1041 4425 1044 4431 r
1116 4425 1141 4496 8
