3144 4860
193 269 243 342 50

194 435 322 534 „tiosis
347 433 596 508 nonnullorum
620 431 763 506 ausibus
782 439 973 527 segregata
993 439 1082 519 erat,
1110 435 1147 502 et
1171 425 1393 524 amplectitur

194 548 413 634 „patemam,
433 548 469 609 et
488 534 740 608 validissimam
758 541 1017 630 protectionem
1031 529 1391 626 AngustissimiLeo-

193 638 316 736 „poldi
333 639 360 710 1.
379 639 619 710 Romanorum
636 636 877 732 imperatoris
896 649 932 710 et
950 637 1152 729 Hungeriae
1168 631 1280 726 Regis
1298 633 1392 703 hae-

194 741 389 836 „rediturii,
415 744 547 833 magni,
575 749 611 811 et
636 738 766 827 felicis,
790 741 892 830 justi,
931 749 967 810 et
995 740 1132 824 invicti,
1161 735 1392 828 ejusdemquo

193 846 455 936 „successoris
485 841 645 912 moderni
676 842 907 912 serenissimi.
944 840 1056 934 Regis
1084 837 1232 932 Josephi
1269 839 1392 928 (eujus

195 947 344 1036 „vitam,
365 953 401 1014 et
418 943 581 1014 thronum
590 943 689 1017 Deus
702 943 872 1037 sospitet)
891 951 997 1037 prout
1014 945 1051 1012 in
1060 943 1255 1012 novissima
1265 939 1392 1010 Diaeta

193 1045 365 1138 „Posonii
384 1043 601 1115 declaratum
619 1053 688 1132 est,
716 1066 764 1114 cx
789 1043 985 1115 universali
1012 1043 1171 1116 Statuum
1198 1061 1392 1130 consensu,

193 1149 383 1240 ,votisque
402 1145 637 1234 unanimibus,
657 1167 748 1239 quae
767 1168 788 1217 a
805 1145 913 1217 multo
934 1156 1094 1241 tempore
1106 1142 1393 1238 adeonsequen-

192 1246 297 1420 ,dham
313 1247 406 1392 hope
423 1247 629 1444 {Jelioitatem
647 1250 683 1320 in
701 1251 816 1321 sinum
832 1247 1099 1321 misericordiae
1127 1245 1270 1320 divium
1298 1245 1392 1318 eiiu-

195 1397 216 1440 „
246 1352 271 1422 't
289 1359 357 1422 eto.
415 1360 429 1387 ⁸

752 1551 760 1567 .
789 1500 854 1571 35.
941 1507 946 1518 '

392 1623 455 1695 Ad
475 1625 702 1712 Hunpariae
723 1497 925 1696 {oronam
950 1625 1188 1716 reapplica'to.

291 1745 336 1816 Et
356 1767 442 1817 sane
461 1745 741 1817 Transilvaniam
761 1745 805 1816 ad
823 1743 999 1820 Coronam
1012 1747 1179 1820 duntaxat
1189 1745 1392 1840 Hungariae

190 1849 303 1942 recipi
321 1852 496 1941 potuisse,
508 1855 758 1940 receptamque
778 1851 883 1919 etiam
902 1848 1027 1940 inisse,
1047 1850 1176 1922 docent
1189 1851 1271 1939 jura
1284 1849 1393 1941 quiu-

187 1973 257 2044 que
276 1949 500 2022 saeculorum
517 1970 596 2037 usu,
614 1947 708 2018 haud
726 1951 935 2044 interrupto,
955 1955 1104 2046 primum
1126 1951 1296 2038 radicata,
1316 1959 1390 2018 tum

188 2055 363 2123 continuis
392 2049 715 2145 pacificationibus,
759 2052 988 2142 tractatibus,
1013 2053 1151 2145 legibus
1183 2058 1392 2138 sustentata,

190 2153 409 2248 ampliusque
428 2150 644 2223 confirmata.
664 2149 763 2222 istud
781 2152 932 2248 deniquo
951 2157 1132 2248 regnantis
1152 2163 1283 2239 eotum,
1295 2149 1392 2221 Pro-

188 2257 412 2345 vinciamque
430 2255 636 2348 reeipientis
645 2249 782 2343 Regiae
800 2251 997 2344 Majostatis
1018 2257 1159 2327 minime
1177 2253 1279 2326 dubia
1298 2272 1392 2346 pro-

193 2351 407 2441 fessione*)
426 2353 541 2445 palam
559 2356 714 2445 agnitum
734 2364 800 2426 est.

230 2475 271 2558 *)
296 2475 463 2552 „Supremi
488 2474 578 2551 Regii
603 2475 705 2535 nostri
742 2475 882 2537 muneris
906 2479 949 2523 -'
975 2478 1020 2539 ait
1052 2477 1235 2558 Leopoldns
1269 2475 1302 2538 in
1327 2473 1392 2536 Di-

274 2559 430 2638 „piomata
454 2560 507 2619 pn
542 2557 636 2620 loos.
650 2557 685 2634 b)
703 2593 746 2606 -
764 2579 835 2622 asae
855 2561 1068 2643 dignovimus,
1090 2563 1284 2627 carissimam
1311 2560 1394 2621 hane

272 2643 536 2722 „Transiivaniao
559 2643 746 2725 Regiouem,
766 2643 845 2728 jam
875 2666 893 2708 a
922 2648 1107 2710 sacculis
1137 2648 1296 2728 inclyto
1320 2663 1391 2707 uo-

273 2737 384 2807 „strc
413 2727 653 2810 Hungariae
682 2730 818 2810 Regno
849 2743 1073 2807 assertam,
1100 2767 1143 2778 —
1170 2767 1211 2780 -
1238 2765 1280 2776 —-
1305 2729 1393 2792 velut

271 2815 427 2903 „animam
454 2824 592 2876 nostram
615 2814 799 2892 ampiecti;“
821 2825 852 2878 et
875 2817 1393 2902 aiibi⁰)„Transi1vaniam

273 2898 629 2976 „antiquissimum
660 2898 896 2980 Hungariac
925 2904 1059 2986 Regni
1082 2904 1299 2966 membrum
1327 2919 1392 2962 no-

269 2984 399 3060 ‚,minat‚
427 2984 521 3045 oiim
554 3002 633 3063 per
666 2982 868 3067 injuriam
906 2996 1131 3069 temporum
1154 2989 1203 3051 ab
1236 2988 1391 3050 eadem

276 3066 497 3147 „evulsum
520 3071 600 3134 eto.“
721 3109 725 3118 ·

727 3178 764 3264 §.
794 3180 856 3254 36.

585 3344 588 3350 ·
671 3303 756 3374 Hoc
781 3304 902 3377 titolo.

287 3419 460 3496 Urserunt
477 3423 681 3516 praemissis
702 3445 722 3495 e
744 3422 980 3502 fundamentis
998 3430 1114 3503 serius
1143 3433 1296 3505 iteratim
1315 3429 1392 3501 Or-

191 3525 291 3598 dines
310 3525 523 3615 Hungariae,
550 3523 704 3616 legitime
722 3528 759 3597 in
777 3522 936 3601 comitiis
955 3537 1186 3624 congregati,
1220 3534 1391 3604 unionem

188 3629 398 3718 integrantis
418 3625 521 3712 hujus
541 3623 655 3716 Regni
673 3631 797 3719 partIS,
817 3633 989 3724 triumque
1012 3632 1257 3722 comitatuum,
1285 3641 1391 3703 antea

135 3742 138 3748 '
180 3732 312 3808 ,stricte
329 3726 621 3814 Hungaricorum,
641 3736 762 3820 utpote
782 3727 941 3800 Suolnok
959 3731 1161 3823 mediocris,
1193 3745 1229 3807 et
1248 3733 1390 3805 Krasu-

184 3831 320 3914 nensis,
340 3845 416 3896 cum
435 3823 604 3895 Distriotu
622 3825 754 3916 Κῦνόν,
779 3849 846 3900 neo
874 3852 947 3901 non
964 3833 1214 3907 Zardndiensis
1244 3822 1313 3929 {pua
1333 3834 1391 3906 sui

182 3938 284 4020 parte
304 3928 346 3997 ad
364 3924 577 4016 Hungariam
595 3925 637 3995 de
657 3927 750 3999 faeto
778 3929 926 4002 necdum
957 3936 1191 4026 pertinebant,
1227 3954 1348 4034 neque
1366 3956 1389 4008 a

180 4025 399 4121 Principibus
417 4030 550 4098 nostris
570 4033 726 4121 aequitas
744 4031 912 4122 postulati
930 4045 1057 4124 negata
1076 4033 1152 4106 fuit.
1264 4111 1267 4116 ,

187 4152 393 4164 ψ

210 4192 235 4256 ¹¹>
254 4196 283 4323 13
312 4195 382 4314 {³9³}st
409 4198 491 4260 Leop.
520 4196 658 4263 Claudiop.
685 4198 718 4250 Α.
737 4200 816 4252 1791.
841 4201 905 4252 edit.
931 4204 1207 4258 οοιιῐ.οΙι.1)Ιιεει·ῑ.
1228 4173 1294 4261 hiat.
1322 4208 1386 4262 crit.

177 4325 180 4356 ³
215 4326 244 4386 ¹’)
263 4331 321 4379 vid.
343 4333 412 4380 nand.
431 4333 477 4383 cit.
495 4334 568 4396 Dipt.
587 4337 668 4399 neap.
688 4335 714 4386 ia
733 4337 786 4399 dtp.
805 4337 838 4388 ad
856 4335 934 4389 bunc.
953 4353 1013 4395 ann.

208 4395 243 4462 ὀ)
263 4401 294 4450 ln
312 4400 358 4454 cit.
377 4401 498 4453 Dicaert.
516 4403 588 4460 ΗΜ.
608 4403 674 4458 (trit.
694 4419 721 4469 p.
740 4403 800 4458 ¹94.
