3158 4864
218 341 289 417 133

214 512 339 604 vagia,
367 530 409 580 ac
436 505 585 603 publicis
614 505 898 579 malefactoribus
930 507 975 602 ¹),
995 507 1054 600 qui
1089 477 1204 577 autem
1231 511 1307 575 atro
1344 499 1413 575 hoc

216 612 353 684 calculo
373 617 561 699 notentur,
590 609 789 704 complures
816 608 953 681 articuli
978 611 1128 704 sparsim
1146 604 1333 678 declarant
1363 604 1409 693 ⁵).

733 757 769 842 §.
802 757 884 829 173.

447 895 450 904 ’
494 879 682 967 Quasdam
701 887 943 974 exceptiones
959 880 1127 952 audeam.

283 997 290 1006 ”
315 1005 441 1077 Relato
459 1019 566 1100 porro
585 1006 630 1077 ad
647 1005 732 1075 dura
751 1005 870 1079 civilia
887 1003 1034 1076 Nobiles
1056 1006 1129 1094 jam
1147 1003 1409 1075 indiscrimina-

212 1109 275 1179 tim
303 1106 528 1178 contribuere
566 1106 765 1199 obligantur
797 1107 852 1196 ⁰),
880 1129 949 1177 nec
984 1110 1098 1178 minus
1132 1125 1252 1178 eoram
1281 1105 1409 1190 civico,

20 1179 23 1208 ⁵
139 1230 142 1234 ·
211 1208 273 1280 val
290 1208 427 1297 altero,
455 1229 521 1302 per
547 1209 813 1280 recentissimas
839 1208 951 1300 legas·
972 1204 1005 1297 d)
1034 1207 1240 1300 designato,
1272 1204 1407 1296 judicio

209 1309 455 1404 respondere,
494 1329 513 1378 a
550 1319 747 1380 mercatura
785 1307 937 1403 denique
976 1318 1216 1403 quaestuosa,
1244 1319 1282 1382 ut
1319 1305 1408 1376 alter

210 1414 341 1504 quivis,
359 1412 561 1483 tricesimae
578 1410 736 1504 vectigal
758 1409 961 1506 dependere
993 1412 1036 1503 ⁰).

759 1610 766 1626 .
799 1561 881 1631 174.

241 1683 408 1771 Propria
425 1557 755 1766 Noetltratnjerj
771 1679 852 1752 5115
865 1678 1111 1770 personalia,
1140 1678 1219 1750 alte
1236 1679 1369 1752 realta.

309 1825 540 1914 Prisca'illa,
569 1847 611 1895 ac
639 1828 758 1916 varia,
799 1836 836 1896 et
862 1824 1064 1919 multiplicia
1091 1822 1292 1896 Nobilitatis
1319 1825 1404 1895 Jura

168 1926 397 2019 'reliquain
422 1927 734 2022 personalia,
763 1936 809 1998 et
837 1927 994 1998 realia
1014 1926 1196 1997 commode
1224 1925 1403 2021 dispesci-

206 2049 302 2098 mus:
331 2026 433 2114 Quod
451 2027 601 2100 Nobiles
620 2030 708 2118 sint,
737 2039 774 2100 ut
794 2028 870 2100 Lex
887 2028 990 2116 dicit,
1010 2027 1164 2099 membra
1183 2048 1307 2099 sacrae
1326 2024 1402 2098 Go-

204 2149 339 2219 ronae,
367 2141 403 2202 et
441 2133 477 2202 in
506 2127 758 2219 ComitatibuS,
796 2135 831 2201 in
865 2123 989 2223 quibus
1021 2128 1231 2200 domicilium
1260 2126 1401 2216 habent,

205 2239 265 2301 aut
281 2229 374 2302 bona
393 2240 539 2319 tenent,
568 2232 756 2303 collective
776 2231 949 2325 publicam
968 2232 1182 2301 constituant
1200 2229 1316 2320 Regni
1334 2229 1402 2299 Ju-

202 2330 462 2404 risdictionem:
491 2330 594 2416 Quod
612 2331 814 2424 singillatim
832 2330 913 2400 huic
932 2329 1066 2417 solum,
1095 2338 1131 2401 et
1148 2327 1269 2422 legali,
1298 2351 1400 2423 quem

202 2433 272 2526 ipsi
301 2431 457 2524 eligunt,
485 2431 730 2522 Magistratui,
759 2431 957 2502 immediate
988 2430 1144 2503 subsint:
1180 2427 1401 2502 0551115155-

203 2536 278 2622 sia,
307 2543 343 2604 et
362 2533 428 2604 alia
454 2534 586 2626 passim
615 2532 808 2603 illustriora
839 2532 954 2605 cilicia
979 2534 1048 2626 ipsi
1074 2531 1241 2604 duntaxat
1269 2554 1400 2625 gerere

200 2635 345 2706 valeant
380 2630 432 2723 ῆι
462 2632 564 2718 Quod
587 2635 649 2706 vel
674 2636 710 2704 in
727 2654 906 2728 persona,
932 2635 993 2706 vel
1016 2633 1132 2706 medio
1161 2655 1305 2706 suorum
1322 2634 1400 2704 Re-

201 2737 504 2827 praesentuntium
541 2735 585 2806 ad
622 2736 882 2828 legislationem
909 2739 944 2806 in
975 2731 1132 2808 Comitiis
1166 2744 1398 2822 concurrant3

201 2837 356 2928 propriis
376 2835 558 2926 gentilitiis
577 2839 704 2926 armis,
733 2847 837 2930 atque
855 2835 1232 2926 insignibusutantur:
1252 2835 1397 2922 Domus,

131 2967 135 2974 ·
202 2939 388 3029 curiasque
430 2935 643 3025 eorundem,
689 2938 788 3008 velut
819 2939 935 3010 civilia
966 2935 1137 3029 quaedam
1164 2941 1319 3008 sacraria
1345 2973 1397 2986 -

201 3038 270 3108 nisi
288 3038 324 3108 in
343 3034 482 3109 casibus
504 3038 617 3126 (172)
638 3035 800 3110 indicatis
818 3077 870 3090 -
887 3036 1079 3126 invadere,
1107 3037 1315 3131 violareque
1334 3040 1395 3108 in-

198 3135 411 3226 terdicatur,
439 3148 475 3210 et
493 3137 559 3208 hae
579 3142 677 3232 ipsae
698 3159 716 3208 a
735 3139 899 3211 militibus
919 3137 1071 3232 hospitio
1090 3139 1305 3234 recipiendis
1324 3141 1394 3211 im-

198 3259 321 3311 munes
349 3242 420 3312 sint
450 3239 504 3327 ⁸):
533 3240 734 3311 immunitas
762 3262 869 3333 porro
896 3263 915 3310 a
944 3241 1100 3328 telonio,
1129 3250 1165 3311 et
1191 3242 1296 3312 naulo
1317 3239 1394 3313 sol-

197 3338 316 3411 vendo
348 3337 404 3428 ¹²):
432 3337 596 3412 Facultas
624 3344 729 3411 etiam
757 3340 850 3412 bona
878 3339 1077 3412 nobilitaria
1106 3341 1301 3434 aquirendi,
1329 3339 1394 3410 lir-

196 3442 370 3532 miterque
388 3439 532 3512 tenendi
549 3441 753 3536 personalia
772 3453 882 3514 erant.
912 3441 984 3518 Sed
998 3445 1057 3534 jus
1081 3441 1304 3527 terrestrale,
1324 3459 1393 3530 quo

195 3538 333 3613 Nobilis
370 3541 518 3614 similem
549 3546 722 3614 territorii
755 3555 891 3638 partem
916 3545 1106 3640 possidet,
1134 3552 1286 3634 atquae
1313 3538 1395 3609 huic

195 3641 467 3715 innectebantur
502 3647 761 3734 immunitates,
790 3657 826 3718 et
853 3649 1040 3743 privilegia
1058 3663 1206 3739 prorsus
1234 3643 1394 3734 egregia,

193 3742 328 3816 realem
356 3746 434 3833 ejus
463 3744 662 3820 libertatem
690 3747 911 3838 eliciebant,
939 3768 1065 3821 verum
1084 3742 1246 3834 ethaeo,
1267 3743 1393 3829 stilla,

223 3909 343 3969 ·11516.
364 3913 408 3974 25.
427 3915 504 3967 1655.
522 3917 566 3966 33.
586 3946 620 3956 -
640 3917 716 3970 1687.
737 3915 779 3971 m.
800 3923 828 3969 et
846 3919 931 3971 alioci

222 3978 251 4044 b)
270 3983 299 4033 P.
321 3985 340 4033 l.
362 3988 392 4036 tt.
413 3983 439 4038 9.
459 4013 489 4024 -
512 3986 738 4052 16351361.
760 3993 865 4056 etseq.
885 3988 961 4042 1723.
983 3987 1006 4038 5.

221 4047 251 4184 :¹3
269 4051 345 4174 1181656
358 4055 482 4187 3111111551
500 4121 543 4173 33.
563 4127 591 4173 et
608 4111 650 4178 37.
669 4124 694 4192 5.
711 4129 736 4180 3.

222 4187 622 4250 dmm—mm

223 4253 249 4317 r,
270 4265 346 4318 rrae.
366 4262 504 4328 55-1,
524 4263 549 4313 a.

220 4328 250 4391 c)
269 4330 348 4386 1186.
366 4334 409 4387 67.
436 4357 471 4368 -
489 4332 567 4386 1567.
585 4333 628 4390 39.
655 4358 690 4376 -
709 4334 785 4387 1635.
805 4330 847 4382 116.
864 4355 900 4367 -
917 4329 994 4382 1663.
1020 4329 1061 4382 13.
1079 4327 1201 4392 aliaeque
1219 4324 1255 4376 ibi
1274 4325 1318 4376 cit.
1337 4323 1389 4387 teg.

222 4398 250 4466 t)
269 4398 347 4454 1195.
368 4405 413 4455 oc.
430 4398 565 4456 -1515,
584 4407 628 4458 aa.
650 4430 687 4444 -
707 4405 786 4458 1615.
803 4403 846 4456 aa.
866 4425 901 4438 -
920 4400 1052 4454 153511.
1072 4395 1242 4474 -rmorn
1260 4419 1295 4432 —
1313 4394 1391 4452 maa.

264 4471 309 4526 15.
324 4492 360 4510 -··
376 4468 456 4566 1761.
472 4471 499 4528 3.
517 4477 570 4528 etc.
