3144 4860
186 209 307 284 92.

188 377 414 476 limitfflfilur
440 399 548 475 super
575 381 777 475 pavimento
794 379 1013 468 -assericeo,
1041 377 1148 454 rubro
1179 379 1259 454 elbo
1277 380 1383 456 viridi

189 503 305 577 panno
325 490 505 553 constrato
534 484 570 552 in
589 481 681 552 aliud
700 480 795 552 adid
821 480 1031 554 destinatum
1056 480 1243 576 templum,
1272 505 1384 578 prae·
1474 493 1484 508 ‘

191 581 394 656 cedentibus
405 581 555 664 ,vexillis
574 582 696 654 decem
714 583 939 674 Regnorum,
963 580 1101 672 jnribus
1130 580 1294 657 Coronae
1313 584 1384 656 ob-

190 689 398 772 noxiorum,
418 688 626 777 insequente
646 684 882 756 Thesaurario
901 689 1002 775 regio
1023 686 1164 777 equite,
1194 708 1236 756 ao
1260 705 1385 758 numos

189 789 430 860 mnemonicos
459 806 614 875 aureos,
643 796 834 878 argenteos
854 789 889 858 in
908 785 1104 858 confertam
1131 786 1385 860 multitudinem

191 890 431 982 dispergente,
459 885 523 957 llio
542 909 741 961 conscenso
762 886 874 976 solio,
902 909 987 960 mox
1005 886 1211 960 candidatos
1230 911 1295 983 per
1312 889 1385 962 Pa-

189 990 356 1078 latinum,
393 996 429 1059 et
456 988 571 1060 Aulac
607 987 863 1063 Cancellarium
897 986 1150 1080 hungarioum,
1189 988 1387 1062 alternatim

189 1101 426 1185 provocatos,
452 1088 547 1162 Ense
585 1091 657 1164 divi
688 1087 878 1184 Stephani,
905 1089 1010 1161 laevo
1042 1111 1136 1181 genu
1172 1089 1309 1180 llexos,
1341 1090 1386 1164 ad

75 1197 77 1200 ’
191 1193 351 1265 dextrum
381 1190 561 1262 humerum
589 1193 661 1264 leni
692 1201 824 1264 attactu
852 1202 906 1264 ter
934 1193 1105 1284 percutit,
1133 1213 1249 1287 eoque
1281 1193 1385 1266 modo

191 1302 334 1366 auratos
364 1303 462 1364 creat
490 1293 648 1388 Equites.
676 1294 853 1386 Egressus
882 1291 985 1380 inde,
1015 1313 1111 1386 equo.
1133 1295 1312 1382 insidens,
1342 1294 1386 1366 ad

63 1403 70 1410 '
189 1397 318 1489 Pegma
338 1394 401 1470 sub
429 1394 486 1466 dio
508 1404 759 1482 constructum,
787 1396 921 1467 aulaeis
945 1406 1126 1484 ornatum,
1154 1417 1194 1467 se
1225 1396 1387 1483 coniert;

187 1498 259 1586 ubi,
286 1496 519 1568 circumfusae
547 1496 756 1569 multitudini
786 1500 1011 1589 conspicuus,
1035 1498 1131 1584 jurat
1160 1519 1207 1567 ex
1237 1495 1388 1569 lormnla

189 1600 344 1672 Decreto
374 1602 509 1668 inserta
540 1599 595 1685 ¹),
641 1617 743 1688 quam
787 1595 1089 1689 Archiepisoopus
1129 1595 1386 1688 strigoniensis

187 1699 373 1794 praelegit.
401 1694 557 1766 Tandem
584 1698 674 1767 ultra
700 1695 866 1790 petendo,
893 1699 929 1766 in
950 1697 1079 1768 collem
1101 1699 1238 1789 regium
1261 1701 1387 1770 conoi-

188 1810 262 1872 tato
291 1795 462 1890 sonipede
492 1796 701 1892 subvectus,
736 1817 858 1868 ensem
884 1795 996 1867 forma
1029 1801 1143 1869 crucis
1174 1801 1210 1871 in
1237 1809 1387 1893 quatuor

189 1901 292 1974 Orbis
310 1902 434 1993 plagas
457 1896 594 1970 evibrat
610 1896 666 1990 *),
692 1898 858 1970 reductus
884 1897 1034 1993 denique
1055 1898 1289 1994 triumphante
1310 1901 1386 1974 Po-

186 2004 283 2099 pulo,
300 1999 475 2075 Convivio
494 2001 607 2092 regali
638 1998 793 2087 assidet,
823 2002 879 2072 cui
900 1999 1082 2094 Principes
1103 2001 1206 2094 Regii
1230 2002 1387 2094 Sangui-

185 2107 253 2193 nis,
273 2103 389 2196 Regni
409 2102 554 2189 Primes,
576 2101 766 2188 Palatinus,
789 2110 825 2172 et
845 2100 1148 2196 Archiepiscopus
1177 2101 1387 2176 Colocensis

186 2205 413 2292 adhibentur3
450 2201 624 2277 interdum
654 2205 760 2272 etiam
790 2201 934 2294 Legati,
972 2212 1010 2273 ut
1041 2203 1124 2274 olim
1156 2208 1386 2276 communiter

185 2309 358 2395 Venetus,
385 2327 428 2377 ac
444 2303 660 2391 Pontificius,
686 2306 865 2374 recentius
887 2303 950 2375 sub
972 2302 1153 2397 Leopoldo
1177 2299 1220 2376 11.
1244 2316 1388 2399 praeter

185 2408 277 2481 hune
306 2409 564 2502 posteriorem,
592 2403 845 2498 Neapolitanus
876 2402 932 2493 bJ,
959 2404 1074 2497 Regni
1106 2407 1385 2500 vero.Berones

184 2532 250 2607 pro
287 2513 429 2603 antiquo
467 2504 780 2579 Archiollicialium
815 2526 914 2578 more
959 2526 1022 2578 sua
1056 2509 1211 2601 epulanti
1249 2508 1385 2605 Regiae

116 2696 118 2700 ¹
185 2613 364 2705 Majeststi
385 2609 580 2682 ministeria
605 2616 809 2708 praestent.¹

228 2736 267 2820 s)
290 2733 492 2798 Consuetudo
523 2729 640 2792 isthaec
669 2730 869 2809 perantiqua,
901 2747 963 2791 non
995 2737 1097 2793 tamen
1130 2730 1174 2793 ite
1204 2729 1387 2811 Hungariae

271 2819 487 2900 proprisset,
518 2817 592 2896 quin
621 2815 789 2896 aliquando
821 2835 885 2876 non
914 2815 990 2877 alibi
1024 2835 1144 2895 quoque
1175 2818 1387 2878 usuvenisset.

270 2906 311 2969 Ut
340 2905 421 2965 enim
452 2901 532 2965 nihil
566 2903 665 2964 dicam
697 2903 734 2963 de
765 2901 863 2962 simili
891 2901 1103 2964 Romanorum
1136 2901 1322 2964 Pontificum
1346 2904 1385 2964 ad

269 2990 437 3053 Basilicam
470 2989 712 3049 lateranensem
747 3005 896 3066 egressu,
920 2994 1041 3048 constat
1074 3006 1141 3048 cem
1176 3006 1194 3049 a
1228 2989 1385 3050 veteribus

269 3075 444 3158 Italiae‘),
466 3069 682 3154 Poloniael),
715 3071 846 3150 aliisque
880 3072 998 3151 passim
1021 3073 1161 3154 Regibus
1190 3073 1384 3156 observatam

270 3161 439 3225 exstitisse.
463 3160 584 3221 Indicat
602 3177 677 3218 vero
695 3157 868 3238 symbolice
884 3158 959 3218 haec
981 3158 1061 3220 ectio
1085 3159 1122 3218 ed
1143 3159 1303 3221 minimum
1322 3180 1385 3221 no-

269 3249 317 3311 bis
340 3247 535 3311 obfirmatum
559 3242 716 3322 Principis
740 3242 888 3319 animum,
904 3243 942 3304 ed
966 3243 1116 3323 populum
1139 3254 1266 3308 strenue
1288 3236 1384 3307 tu'en-

270 3336 407 3410 (lum-et
430 3331 505 3394 fines
528 3329 640 3412 Regni,
663 3347 722 3410 qua
742 3325 829 3410 juste
852 3327 986 3405 licuerit,
1010 3333 1218 3394 extendendos
1233 3330 1276 3412 ⁶).

736 3539 743 3556 .
778 3489 860 3561 109.

382 3619 450 3689 Jos
477 3617 618 3707 Repeto
647 3487 867 3686 verberandi
891 3619 954 3684 cue·
978 3624 1173 3702 cornpctat.

283 3764 346 3835 Jus
370 3763 506 3854 Regem
528 3758 721 3832 coronandi
751 3759 908 3862 proppie,
936 3779 978 3827 ao
1008 3765 1212 3827 constanter
1241 3756 1283 3827 ad
1307 3757 1383 3829 Ar-

193 3881 398 3902 ...νύ-ῥ’·

212 3935 239 3998 ι)
259 3934 328 3987 vtte
345 3935 464 3983 Decreta
484 3932 681 3993 inauguraliunr
696 3927 887 3980 comitiorum.

126 4025 131 4036 2
213 4009 240 4063 b)
260 4005 320 4055 Vld.
338 4005 412 4053 Dian,
430 4001 604 4053 Discutiunt
622 4002 697 4052 1790.
718 4005 746 4050 et
764 3998 840 4050 1791.
861 4010 885 4061 p.
903 3993 963 4044 219.

211 4078 238 4136 ο)
258 4075 370 4126 Schera,
386 4073 487 4137 script
504 4085 559 4124 rer.
577 4071 669 4121 Germ.
686 4071 718 4120 Τ.
736 4069 795 4119 Vll.
814 4081 839 4134 p.
855 4067 919 4118 267.

213 4146 241 4210 δ)
262 4147 409 4196 cromerus
425 4157 478 4193 rer.
495 4143 631 4194 Potomia
648 4143 681 4192 11.
1200 4154 1211 4180 ι

212 4220 237 4281 ο)
258 4217 336 4280 casp.
354 4214 427 4264 Ursii
447 4211 517 4262 Velil
530 4213 564 4264 ‹le
582 4211 649 4262 Bell.
668 4212 750 4261 Pana.
770 4208 798 4256 b.
819 4207 853 4258 il.
869 4220 895 4269 p.
908 4203 951 4256 38.
969 4201 1002 4252 lt.
1020 4199 1070 4266 Op.
1087 4200 1150 4252 huic
1163 4199 1258 4264 select.
1280 4214 1304 4263 p.
1319 4201 1385 4252 Kol-

259 4284 308 4338 ihr.
324 4287 423 4336 Descr.
445 4284 545 4346 Synch.
571 4283 671 4333 Ceron.
688 4279 769 4332 Ferd.
784 4279 805 4328 l.
824 4305 858 4314 —
878 4271 1036 4325 Kovachich
1059 4273 1147 4322 soleo.
1171 4273 1263 4335 inaug.
1277 4270 1304 4320 ln
1321 4273 1384 4325 Cor.

259 4354 394 4420 Redolph.
413 4384 446 4395 -
464 4354 497 4406 E.
511 4353 549 4406 Μ.
567 4351 597 4405 S.
618 4351 647 4404 8.
666 4351 766 4404 (louet.
783 4354 812 4400 et
828 4343 897 4400 coti.
918 4345 1074 4398 Hevsness.
1098 4343 1216 4396 desumt-
1230 4355 1255 4408 p.
1270 4342 1314 4394 36.
1382 4417 1384 4422 ,

1563 3813 1568 3858 i
