3094 4868
1221 271 1312 389 ‘aas

115 449 238 535 initia,
266 446 468 542 vitamque,
496 451 533 514 et
560 465 646 538 quas
672 465 737 540 per
770 443 913 515 diversa
942 451 1103 542 tempora
1132 444 1319 518 vicissitu-

117 549 219 622 dines
244 548 460 634 habuerunt,
489 547 677 640 explorare
703 545 922 618 'enucleatius
944 587 995 598 —-
1020 569 1225 644 quamquam
1246 572 1317 620 non

117 650 346 740 injucundum
359 648 486 738 modo,
513 670 637 720 verum
656 647 815 743 perutilis
835 647 878 716 ad
896 647 1034 720 Patriae
1054 650 1184 740 legum,
1208 659 1317 722 vete-

115 775 263 847 rumque
283 751 570 822 documentorum
591 751 856 842 intelligcntiam
875 749 978 820 labor
997 751 1167 822 evaderet
1185 791 1236 802 —-
1254 761 1313 822 ta-

12 849 14 898 l
115 877 287 926 mennon
314 853 427 941 ultra,
456 875 558 947 quam
586 852 630 924 ad
649 852 1003 945 thema'propositum
1030 843 1183 923 neccsse
1207 852 1316 924 vide-

114 957 238 1044 batur,
265 956 348 1027 mihi
375 953 641 1047 ingrediendum
669 955 870 1025 existimavi
900 950 965 1042 ἢ,
993 952 1131 1048 quando
1159 953 1244 1025 illud
1276 953 1318 1025 ah

118 1059 197 1130 aliis
225 1059 605 1152 egregiepraestitum
635 1058 800 1152 reperio,
829 1063 864 1125 et
892 1057 1003 1148 magis
1035 1055 1178 1149 expedit
1198 1078 1316 1150 expo-

11 1195 12 1210 *
120 1183 207 1234 nere
227 1169 355 1232 statum
372 1159 611 1244 Judiciorum,
640 1161 790 1230 maxima
809 1160 864 1228 sui
885 1167 985 1252 parte
1006 1154 1125 1230 Caroli
1143 1154 1203 1230 Vl.
1224 1179 1316 1253 pro·

117 1263 295 1337 videmiae
315 1266 350 1334 in
369 1265 524 1358 acceptis
544 1259 789 1348 referendum,
818 1280 907 1355 quae
930 1259 1004 1350 jam
1022 1259 1145 1332 ordine
1165 1281 1316 1332 enumc-

118 1365 281 1438 rahimus.

160 1513 199 1594 *)
224 1512 425 1578 illustrarunt
455 1513 650 1593 antiquitatis
687 1513 875 1596 hungaricae
914 1521 1032 1593 partem
1072 1513 1151 1574 hanc
1184 1511 1245 1574 viri
1277 1513 1315 1574 de

202 1601 307 1660 eadem
328 1600 544 1665 immortaliter
567 1601 685 1662 meriti:
709 1601 846 1664 Mathias
867 1601 981 1679 Boline,
1004 1609 1070 1674 tum
1085 1600 1181 1680 Pray‚
1198 1597 1317 1676 Palma,

201 1685 400 1762 Kovachich,
423 1687 588 1761 Kelemen‚
621 1687 724 1748 llartal
748 1687 893 1767 pluribus
922 1705 1051 1748 suorum
1075 1704 1203 1764 operum
1228 1685 1318 1762 locis,

201 1771 239 1831 ad
264 1791 341 1852 quos
365 1775 495 1852 proinde
525 1772 616 1844 illos,
648 1774 700 1852 qui
723 1771 877 1834 Fororum
901 1773 1106 1847 ,varietatem
1138 1779 1167 1831 et
1190 1769 1317 1832 dudleia

202 1855 275 1917 olim
308 1860 338 1920 in
367 1857 532 1940 Hungaria
564 1853 679 1922 usitata
720 1859 855 1941 amplius
886 1859 1035 1942 prosequi
1067 1856 1214 1938 cupiunt,
1253 1865 1318 1918 tute

133 1959 136 1964 ·
202 1944 336 2007 remitto.

642 2137 678 2223 δ.
708 2140 793 2236 729.

583 2286 698 2357 Carta
724 2289 857 2377 Regio.
934 2312 937 2316 ·
1008 2249 1012 2258 ι

219 2433 359 2504 Eminet
385 2435 477 2503 inter
506 2430 594 2503 haec
624 2430 729 2506 Curia
757 2431 894 2526 Regia,
931 2454 1021 2528 quae
1050 2440 1228 2505 vetustum
1246 2429 1315 2502 hoc

120 2543 413 2628 cognomentum,
442 2536 601 2626 quamvis
629 2534 673 2604 ad
700 2535 769 2606 lixa
797 2537 995 2608 Dicasteria
1030 2544 1177 2621 exacta,
1215 2532 1317 2605 aliam

118 2647 244 2732 postea
263 2635 411 2706 formam
441 2632 594 2705 induerit
618 2632 684 2724 ἢ,
715 2636 883 2731 deinceps
903 2640 1007 2708 etiam
1036 2639 1180 2708 retinuit
1210 2637 1267 2725 ⁸),
1296 2656 1316 2705 e
1372 2679 1381 2686 ,

119 2736 276 2825 duobus,
322 2759 400 2808 cum
421 2738 655 2830 erigeretur,
701 2737 968 2827 Tribunalibus,
1017 2737 1149 2809 Tabula
1185 2738 1314 2831 quippe

119 2837 390 2936 Septemvirali,
410 2861 452 2910 ac
469 2839 583 2932 Regia
604 2836 783 2929 conflatis,
811 2852 847 2913 ct
865 2844 918 2914 sic
935 2840 980 2911 ad
998 2861 1038 2914 se
1057 2842 1210 2912 invicem
1225 2841 1315 2928 juu-

118 2947 205 3028 ctiS,
232 2951 270 3011 ut
297 2940 339 3010 ab
368 2944 506 3031 origine
534 2963 598 3012 sua
628 2949 663 3011 ct
689 2942 927 3032 Referentcs,
956 2954 1061 3038 atque
1093 2941 1316 3014 Tabularium
1401 3024 1407 3034 Ι

118 3063 301 3114 commune
320 3039 515 3128 haberent,
542 3043 578 3111 in
603 3043 827 3133 gravioribus
847 3048 1001 3134 negotiis
1033 3043 1315 3132 extrajudiciali-

117 3144 208 3230 hus,
237 3163 314 3213 cum
340 3141 493 3235 exempli
522 3163 628 3214 causa
658 3145 777 3236 opinio
806 3143 942 3235 Regiae
970 3144 1149 3233 Majestati
1178 3143 1313 3236 depro-

117 3244 241 3317 menda
261 3241 374 3330 foret,
393 3247 429 3314 in
448 3266 553 3314 unum
571 3242 811 3333 considerent,
830 3244 993 3316 Mandata
1012 3248 1157 3340 pariter,
1177 3252 1314 3314 utram-

118 3369 185 3442 que
205 3348 241 3417 in
260 3344 446 3439 complexu
465 3349 660 3432 attinentia,
684 3345 727 3417 ad
746 3345 884 3417 Curiam
905 3346 1053 3439 Regiam
1070 3347 1109 3416 in
1127 3347 1315 3439 complexu
1333 3392 1336 3398 -

119 3459 264 3522 sumtam
285 3447 543 3540 dirigerentur,
574 3457 609 3518 et
634 3445 840 3520 Sententiae
868 3453 1050 3542 utriusque
1078 3446 1317 3518 Tribunalise

118 3549 336 3623 Cancellaria
358 3552 410 3622 sic
440 3548 531 3620 dicta
561 3551 719 3637 minore,
748 3549 840 3643 apud
865 3549 1002 3641 Regiae
1029 3549 1184 3643 Tabulae
1203 3548 1317 3619 Prae-

117 3654 248 3742 sidem,
277 3674 380 3746 quem
398 3652 455 3723 hic
472 3651 658 3723 brevitatis
678 3673 765 3744 ergo
791 3674 867 3721 cum
887 3652 964 3722 aliis
984 3650 1213 3724 Personalem
1231 3659 1315 3721 tan-

117 3765 187 3826 tum
204 3753 369 3846 nomino,
396 3755 498 3845 regio
530 3762 566 3825 et
596 3755 756 3842 nomine,
785 3761 821 3824 et
842 3753 1002 3845 judiciali
1021 3754 1084 3826 suh
1105 3753 1223 3846 sigillo
1244 3774 1315 3826 ex-

117 3858 332 3953 pedirentur.
1342 3876 1345 3882 ·

158 4004 196 4086 l)
221 4001 303 4064 Olim
326 4010 450 4081 praeter
472 4000 601 4063 ludices
625 3975 725 4085 Regni
748 4004 945 4080 ordinarios,
977 4003 1206 4080 eorundemque
1230 4000 1313 4064 vices

201 4096 418 4234 llli¹¹‘⁰}t?l
433 4087 1034 4236 tlttttttttltt,lllttl
1050 4089 1317 4235 ttttttllt

201 4217 333 4319 articlrlo
375 4193 636 4342 designandam
684 4263 765 4341 quod
795 4195 897 4324 luobis
940 4260 1073 4324 Decreta
1114 4257 1314 4338 Reudinandi,

111 4391 322 4410 ρ-ι-ι--ι

144 4459 168 4526 ³)
189 4461 264 4515 cont
280 4461 374 4516 Rarml
392 4475 435 4528 op.
455 4467 483 4515 at
501 4461 554 4518 loc.
573 4462 620 4517 ctt.
