3158 4864
1254 240 1339 326 *ace

182 409 281 560 ³¹)Jln
303 411 444 514 exemplo
467 411 648 476 nominetur
669 413 701 478 in
722 413 837 518 (lodice
860 411 958 477 totius
982 409 1150 495 aliqnando
1167 416 1341 482 Dalmatiae

225 500 535 670 ,dissentirii
548 503 696 668 titii
726 499 1342 666 tlt'tltntttlt‘rtttvit‘ttt

225 671 345 752 perlata
359 671 404 756 ¹),
427 693 620 756 nequaquam
644 675 806 740 indicarit.

534 823 537 830 ’
667 855 704 942 s·
734 857 819 939 223.
932 831 934 836 ’

206 1015 391 1114 Quorsum
418 1006 606 1104 Judaeum
633 1024 1069 1122 Palotr'noleqoondom
1094 1035 1287 1122 pertinuit.

238 1200 490 1294 Porrigebann
517 1201 668 1273 adhaec
687 1199 729 1272 ab
748 1201 1002 1295 antiquissimis
1031 1198 1248 1296 temporibus
1273 1196 1343 1268 Ju-

135 1305 262 1378 dicium
280 1300 473 1376 Palatinale
503 1302 552 1394 ¹³),
573 1303 660 1376 alias
680 1302 850 1396 generale
869 1298 1102 1393 voeatnmt),
1123 1300 1228 1396 quod,
1247 1321 1341 1396 pene

138 1409 300 1502 singulos
325 1407 512 1500 quotannis
532 1404 727 1479 Comitatus
745 1404 983 1502 peragrando,
1006 1403 1069 1477 sub
1090 1404 1162 1493 dio,
1183 1412 1218 1473 et
1235 1423 1343 1524 super

137 1505 310 1584 colliculis
338 1509 486 1580 Palatini
517 1507 766 1597 celebrabant,
805 1516 887 1579 ante
921 1508 1038 1578 omnia
1067 1505 1111 1578 ad
1137 1505 1218 1578 lites
1249 1505 1340 1582 dni-

136 1614 296 1704 mendas,
315 1631 405 1706 quae
425 1608 582 1700 lura,uti
602 1612 760 1698 dicimus,
779 1610 1067 1704 possessionaria
1085 1607 1338 1704 respiciebant,

137 1724 220 1804 tum,
251 1709 364 1788 etrel
379 1715 530 1786 maxime
549 1715 593 1786 ad
610 1711 798 1810 plectenda
823 1707 1042 1801 criminant
1062 1707 1231 1782 facinoris
1251 1705 1340 1804 gra-

136 1809 293 1907 itatem,
306 1815 479 1903 bonorum
497 1817 707 1910 quandoque
726 1815 953 1885 amissionem
971 1816 1076 1885 etiam
1102 1812 1335 1886 involventia.

138 1920 257 2015 Atque
275 1918 317 1988 -id
337 1927 448 1988 totum
482 1915 641 2008 Regibus
678 1920 727 1988 ita
764 1914 980 2002 volentibus,
1014 1935 1208 2008 eorumque
1243 1913 1344 1988 salva

137 2042 280 2115 semper
301 2015 499 2090 inviolabili
528 2020 759 2089 sanctimonia
779 2012 855 2104 ii).
890 2014 980 2098 Quid
1010 2015 1104 2110 quod
1133 2037 1206 2086 non
1234 2037 1342 2088 unum

138 2123 292 2217 diploma
311 2119 489 2212 loquatur,
509 2123 624 2190 rarius
643 2119 739 2207 licet,
768 2113 833 2186 sed
855 2117 1038 2190 exstitisse
1057 2128 1175 2189 tamen
1204 2116 1248 2187 ob
1275 2140 1346 2188 ex-

139 2221 373 2295 traordinaria
393 2220 558 2310 adjuncta
579 2220 649 2293 fine
671 2217 967 2292 administrandae
998 2220 1150 2292 diversis
1171 2222 1206 2294 in
1227 2215 1345 2312 Regni

139 2321 300 2398 Partibus
319 2322 483 2394 iustitiae
515 2322 636 2418 plures
667 2326 704 2395 in
724 2323 841 2394 Patria
871 2329 995 2394 nostra
1030 2321 1156 2397 eodem
1184 2332 1346 2418 tempore

142 2428 320 2500 Palatinos
352 2426 385 2515 ⁰)

144 2579 146 2582 ’
185 2573 224 2658 i)
248 2572 368 2636 Similis
391 2570 527 2649 Judieii,
556 2591 613 2651 per
636 2569 736 2652 Regni
764 2569 940 2636 Palatinum
970 2571 1164 2654 Dionysium
1192 2569 1345 2642 Comitem

229 2662 266 2720 de
289 2657 404 2736 oblite,
422 2656 489 2742 jam
513 2677 594 2722 anno
619 2655 712 2721 1273.
736 2658 768 2719 in
793 2655 950 2722 comitatu
970 2657 1165 2724 Szaladiensi
1188 2657 1346 2739 celebrati,

228 2745 384 2828 specimen
407 2763 444 2806 ex
467 2744 658 2829 Apograpbo
681 2743 860 2806 Koveehieb
885 2743 1027 2826 vulgavit
1042 2743 1088 2828 d).

164 2873 222 2962 Ἠ’)
244 2858 429 2960 Opportune
459 2869 603 2956 provoco
631 2877 670 2938 ed
703 2875 901 2938 Omodeei
923 2873 1060 2941 Palatini
1073 2873 1105 2959 ⁸)
1129 2875 1341 2953 donationem,

229 2981 289 3044 qua
311 2970 426 3024 certem
449 2963 705 3042 possessionem,
737 2963 799 3026 sibi
822 2982 878 3042 per
900 2961 1015 3044 Regem
1039 2961 1230 3040 attributam,
1254 2961 1343 3044 Cog-

229 3057 302 3112 nato
322 3065 381 3110 suo
399 3047 565 3112 Benedicto
590 3049 626 3110 de
641 3048 747 3111 Mense
771 3052 812 3112 Αο
827 3047 879 3114 95.
893 3065 991 3128 supra
1008 3047 1208 3112 millesimum
1223 3049 1344 3110 ducen-

228 3135 374 3198 tesimum
398 3133 542 3211 donavit,
572 3134 683 3196 barum
711 3135 744 3196 in
767 3135 870 3196 fronte
901 3152 1034 3214 sequens
1058 3133 1174 3215 legitur
1195 3133 1343 3196 Titulus:

231 3221 488 3301 „Omodaeus
523 3219 749 3287 Palatinus
777 3221 907 3284 ludex
937 3221 1045 3284 eitra
1077 3219 1346 3296 Danubielis,

232 3309 299 3386 „nd
333 3311 470 3368 omne‘s
513 3324 662 3368 causas
704 3307 999 3378 decernendas¹
1031 3325 1102 3386 par
1134 3307 1349 3370 Dominum

170 3459 173 3464 ,
231 3395 400 3474 „Regem
434 3392 661 3470 deputatus
696 3397 775 3456 ete.“
808 3390 959 3475 Ejusdem
989 3394 1108 3454 tenoris
1141 3401 1190 3456 est
1223 3391 1348 3454 initium

230 3480 422 3542 Litterarum
445 3476 549 3539 Mois
571 3477 718 3553 Palatini,
736 3477 802 3539 quq
816 3476 910 3545 1273.
924 3478 1221 3555 praeseferentium:
1245 3477 1349 3554 „Cum

235 3566 323 3644 „bles
346 3583 362 3626 e
384 3571 551 3646 praecepto
574 3561 703 3632 Domini
724 3563 827 3629 nostri
848 3561 990 3636 Ladislai
1014 3563 1110 3644 Regis
1134 3565 1173 3628 ad
1195 3564 1347 3625 condem-

233 3651 375 3729 „nandos
397 3648 618 3712 Malaiaetoree
641 3644 814 3714 fuissemus
837 3645 992 3731 ingressi,
1021 3647 1146 3712 tandem
1178 3647 1212 3712 in
1236 3647 1348 3712 Comi-

152 3761 155 3771 ’
232 3737 383 3814 ‚,tetum.“
407 3743 465 3800 ete·
487 3743 546 3798 ete.
598 3812 601 3818 μ

177 3958 205 4098 3
222 3958 365 4087 bbbfi’bb
383 4033 416 4087 da
431 4027 508 4086 Rdva
520 4031 598 4087 Cant.
614 4033 638 4086 5.
652 4049 677 4098 p.
693 4035 737 4086 52.
757 4039 786 4084 et
809 4029 884 4086 Jonll
904 4031 1053 4094 comment.
1071 4032 1135 4082 hiat.
1155 4033 1215 4086 iter.
1240 4033 1302 4083 Sao.
1319 4031 1345 4086 2.

228 4117 253 4168 p.
273 4105 316 4156 72.
339 4106 371 4156 lt.
389 4105 541 4167 Prnyllist.
556 4107 621 4169 Reg.
640 4105 731 4170 Hrtug.
750 4107 779 4156 P.
798 4106 818 4154 Ι.
842 4103 867 4152 in
884 4108 939 4155 not.
960 4117 1054 4166 ptncv.
1073 4117 1095 4166 p.
1112 4102 1156 4156 69.

177 4173 202 4237 ⁰)
222 4173 301 4224 Gens.
322 4175 426 4226 Katona
446 4173 516 4224 lliet.
533 4173 598 4226 erte.
610 4179 640 4230 'lt
659 4179 682 4226 7.
700 4192 724 4240 p.
740 4176 799 4226 683.
816 4177 887 4237 Ptay
899 4173 972 4229 Hier.
984 4175 1051 4238 Reg.
1065 4174 1154 4239 lirung.
1165 4173 1196 4224 Τ.
1211 4173 1238 4224 2.
1248 4185 1273 4234 p.
1283 4167 1347 4224 343·

164 4245 576 4378 ,niii'i'ii.⁹bei¹1'i.⁸'p.1m.
862 4280 903 4372 ’,Ῐ
939 4318 942 4325 ·
1181 4285 1184 4293 ’

178 4383 204 4447 e)
225 4381 740 4450 dp.Car.VdguorDlplom.Stirosa.
762 4383 912 4449 p.307.[
965 4408 988 4442 ῃ
1058 4438 1063 4448 ,

1063 4467 1150 4543 11t
1225 4429 1275 4507 -'
