3110 4882
1287 216 1361 296 215

163 393 258 468 sadis
276 394 482 485 violationi,
510 394 707 490 poenisque
736 417 801 490 per
826 379 929 487 leges
956 394 1154 489 complures
1186 395 1217 485 ·)
1239 393 1358 465 obno-

161 500 241 570 xius
261 495 459 570 declaratur
476 494 543 587 ῆς
573 495 722 586 Curiae,
752 499 829 568 sive
859 497 1040 568 Praetoria
1061 493 1293 567 Comitatuum
1313 497 1355 567 ab
1419 578 1422 582 ,

163 598 321 671 omnibus
351 598 517 671 oneribus
546 596 695 692 publicis
725 602 888 670 immunia
909 605 1012 683 sunt3
1040 595 1124 668 Jura
1153 607 1269 672 tamen
1289 619 1357 668 ou-

160 701 273 789 rialia,
296 725 385 795 quae
404 702 539 794 regalia
559 710 701 788 vocant,
717 723 888 772 exercere
908 703 943 769 in
962 699 1030 770 illis
1048 703 1196 771 vetitum
1216 708 1271 770 est
1302 697 1356 790 Ἲς

161 802 266 877 habet
285 803 435 898 denique
453 800 623 876 vexillum
655 804 686 892 ⁶]
706 803 852 898 quilibet
868 801 1060 874 Comitatus
1080 803 1272 896 proprium,
1293 803 1356 874 sub

162 928 231 1001 quo
252 909 375 998 signo,
403 911 591 998 ingruente
611 925 695 978 casu
721 905 1015 990 lusurrectionis,
1041 903 1221 997 gremialis
1240 903 1357 976 Nabi-

160 1011 241 1081 litas
262 1030 357 1079 arma
377 1007 548 1103 capiebat.

204 1155 242 1238 1)
267 1156 312 1216 Ad
344 1152 579 1217 sanctimoniam
620 1152 680 1217 loci
712 1174 747 1216 eo
783 1153 896 1216 lartius
927 1151 1193 1214 communiendam
1227 1153 1359 1216 Decreta

247 1241 384 1302 blatbiae
407 1241 430 1304 1.
446 1240 479 1320 1¹)
506 1239 554 1300 vei
570 1240 692 1320 ingredi
711 1242 815 1302 aedem
838 1237 1012 1302 Comitatus
1024 1236 1223 1321 judiciariam
1240 1251 1360 1303 arnrato

246 1329 308 1388 non
333 1326 437 1404 licuit,
459 1325 621 1388 Articulus
653 1334 753 1387 autem
786 1327 816 1386 in
847 1325 979 1386 Decreta
1011 1325 1111 1403 primo
1141 1323 1295 1386 Uladislai
1318 1325 1359 1391 ll.

247 1432 414 1475 accurrens
429 1373 481 1493 i,)
505 1413 549 1472 ad
567 1412 703 1490 priorem
727 1412 937 1488 sanctionem,
960 1411 1088 1472 totidem
1112 1411 1216 1472 tarbis
1239 1412 1361 1490 repeti

245 1507 319 1574 tam,
343 1501 472 1577 iusuper
488 1497 624 1558 decernit
648 1505 702 1574 „ut
717 1498 927 1578 ingredientes
943 1496 1081 1569 Nobiles,
1105 1505 1134 1556 et
1149 1496 1228 1594 alitos
1245 1496 1359 1580 ouJ'us-

246 1605 387 1664 „cunque
411 1593 512 1644 status
543 1583 683 1644 hemines
716 1585 753 1644 ad
785 1584 887 1644 sedem
917 1579 1116 1664 judiciariam
1147 1579 1359 1665 cujuscunque

247 1671 443 1748 „Comitatus
478 1670 560 1730 intra
593 1669 741 1732 ambitum
772 1669 889 1749 Regni,
925 1667 973 1728 vel
1004 1669 1040 1728 de
1072 1669 1176 1730 eadem
1209 1671 1287 1730 Sede
1309 1673 1357 1732 ad

247 1758 398 1837 „propria
429 1756 697 1836 regredientes,
690 1776 720 1816 rn
745 1757 816 1835 ipsa
840 1755 936 1830 Sede,
967 1762 1020 1815 aut
1051 1753 1081 1814 in
1107 1773 1212 1815 eorum
1236 1755 1359 1831 itinere,

249 1844 442 1923 „quicunque
459 1841 596 1918 turbare,
613 1841 788 1918 molestare,
806 1839 981 1915 verberare,
1000 1840 1048 1901 vel
1069 1839 1240 1901 interficere
1259 1862 1356 1920 prae-

248 1930 449 2007 „sumserint,
473 1935 546 1988 nata
563 1927 753 1991 infidelitatis
770 1927 848 1990 alias
865 1934 1012 1990 consueta
1027 1926 1285 1988 convincantur.“

677 2118 712 2204 §.
742 2119 826 2194 693

417 2329 419 2334 .
492 2267 623 2339 blanca
649 2269 828 2358 Suprema
856 2268 1022 2338 Comites.

264 2413 397 2509 Caput,
427 2424 463 2484 at
492 2413 696 2486 Moderator
721 2415 970 2507 Magistratus,
999 2377 1178 2508 totiusque
1205 2421 1358 2512 provin-

161 2521 237 2589 ciae
256 2517 448 2610 Supremus
468 2512 594 2588 Comes
633 2511 663 2606 ¹)
695 2519 839 2609 negotia
858 2514 1020 2610 publica,
1049 2540 1155 2588 curae
1186 2540 1271 2588 suae
1291 2541 1360 2590 ea-

161 2621 291 2705 missa,
319 2638 385 2713 pro
415 2638 559 2687 munere
589 2616 727 2710 quidem
754 2641 843 2707 suo,
872 2623 972 2710 regia
1001 2609 1117 2690 tamen
1147 2625 1355 2692 auctoritate

162 2669 401 2809 adurinistrat,
433 2718 660 2813 ejusdemque
693 2670 869 2810 officiani,
898 2720 1027 2814 quod
1019 2743 1200 2792 innumera
1228 2745 1359 2794 manu·
1434 2771 1436 2776 ,

159 2833 275 2894 menta
294 2820 444 2918 probant
462 2818 527 2909 iJ,
555 2817 806 2894 Constitutioni
825 2845 995 2896 coaevam
1013 2828 1136 2917 regiae
1157 2821 1357 2898 collationis

161 2935 217 2995 est
247 2925 306 3013 ⁸),
331 2927 367 2994 in
399 2922 492 3017 quod
520 2928 803 2996 neonominatum
828 2936 910 3022 post
936 2937 1118 3022 acceptum
1149 2949 1168 2995 a
1197 2925 1359 3022 Principe

161 3023 324 3119 Diploma
341 3046 406 3116 per
424 3023 656 3112 Delegatum,
686 3029 763 3096 sive
793 3023 1078 3098 Commissarium
1105 3027 1268 3118 Regium,
1289 3033 1376 3102 nisi'
1454 3085 1462 3094 .

162 3134 309 3198 eatenus
330 3124 547 3218 dispensatio
578 3129 815 3214 interveniat,
845 3125 1040 3198 solenniter
1066 3127 1293 3200 introducere
1313 3131 1357 3200 ad

159 3230 440 3300 recentissimam
468 3228 670 3297 memoriam
700 3226 955 3317 usuveniebat,
984 3248 1128 3298 munere
1158 3249 1221 3301 suo
1251 3228 1357 3301 dein-

161 3351 246 3424 ceps
275 3323 380 3424 plena
411 3350 488 3400 curn
517 3336 694 3423 potestate
721 3327 978 3402 defuncturum.
1008 3330 1205 3400 Occasione
1232 3330 1357 3402 horum

160 3431 396 3526 auspiciorum
411 3431 660 3522 juramentum,
688 3432 782 3526 quad
801 3441 904 3503 antea
931 3433 1092 3527 Supremi
1113 3427 1268 3502 Comites
1290 3455 1358 3504 co-
1432 3467 1434 3471 ·

160 3556 234 3607 ram
261 3531 375 3626 Regia
406 3532 594 3638 MaJestate
626 3533 873 3628 nuncupabant
902 3531 961 3624 ¹¹),
997 3534 1129 3607 tardius
1168 3533 1359 3605 secundum

191 3718 266 3785 )Ρ
286 3721 320 3771 ll.
348 3725 380 3770 tt.
409 3721 450 3773 69.
480 3717 557 3774 1988.
584 3723 608 3774 7.
635 3719 711 3774 1986.
739 3719 875 3774 881992.
900 3723 994 3776 67.-
1014 3723 1093 3824 1688.
1112 3723 1155 3778 89.
1177 3721 1252 3776 1699.
1271 3721 1314 3776 99.
1334 3730 1362 3776 ct

243 3789 405 3855 cumprimis
424 3793 502 3844 1723.
521 3794 562 3845 87.

188 3874 217 3939 9)
236 3879 315 3931 rrae.
336 3880 378 3932 73.
397 3875 465 3944 8

190 3958 217 4026 ⁰)
236 3963 312 4014 1898.
331 3965 375 4016 17.
393 3994 428 4003 -
447 3961 524 4016 1791.
544 3962 587 4016 68.
605 3959 629 4027 i·
651 3963 692 4014 19.

192 4043 317 4110 ἆ811186.
337 4051 380 4100 68.

189 4131 219 4201 ο)
237 4131 315 4185 aras.
334 4135 378 4186 73.
396 4133 421 4199 8.
442 4134 467 4186 3.

187 4217 216 4283 r)
237 4221 315 4271 mas.
335 4221 377 4272 33.

190 4304 217 4364 a)
238 4307 314 4357 1133.
334 4306 377 4358 30.

190 4390 217 4459 ¹¹)
236 4394 297 4448 Art
315 4405 379 4447 max
398 4390 442 4447 ott.
