3142 4862
1308 283 1356 360 1⁷

240 449 400 526 „strandis
423 451 637 535 singularibus
652 451 743 514 Juris
765 451 884 531 publici
897 441 1064 534 capitibus,
1087 457 1238 534 qnatenus
1253 451 1354 517 nimi-

147 575 173 590 ··
241 557 333 617 „ram
347 539 468 617 docent,
483 559 518 604 ac
533 546 700 614 testantur,
720 539 874 619 quomodo
890 558 965 620 pars
981 539 1110 619 quaevis
1128 538 1351 617 consentiente,

146 635 148 638 ’
240 634 316 702 „aut
346 627 498 689 renitente
528 626 646 700 altera,
676 621 749 708 jure
778 643 837 688 suo
867 635 1081 706 potestateque
1110 643 1169 687 sua
1200 643 1259 688 usa
1290 626 1352 700 sita

239 729 360 790 „neque
382 721 484 775 tamen
507 712 674 786 deliniant,
697 729 737 772 an
760 711 855 786 intra,
877 711 927 774 vel
949 714 1036 776 extro
1055 708 1138 794 justi
1159 711 1287 776 limites.
1310 711 1353 774 Ut

240 798 360 879 „igitur
377 802 502 878 pondus
519 798 645 879 aliquod
664 798 697 860 in
716 796 794 860 June
811 797 941 860 Publice
957 797 1100 873 habeant,
1124 805 1154 860 ct
1170 817 1228 877 pro
1244 796 1354 879 legiti-

221 883 321 962 ·„mis
338 885 528 948 testimoniis
552 885 694 958 valeant,
717 885 756 944 ad
777 903 904 946 sensum
922 883 1138 963 Diplomatum
1156 883 1354 964 publicorum

241 968 345 1051 „exigi
368 971 495 1060 debent,
527 969 589 1032 nisi
613 991 649 1032 ex
672 969 713 1031 iis
736 988 815 1031 usus
845 979 1015 1050 perpetuus
1035 967 1121 1053 juris
1152 964 1288 1053 alicujus
1310 969 1357 1032 ita

239 1057 468 1134 „demonstrari
491 1058 613 1137 possit,
630 1051 678 1119 ‘ut
699 1056 731 1117 in
756 1056 947 1119 contrarium
970 1063 1024 1116 aut
1045 1053 1150 1130 nulla,
1178 1064 1233 1117 ant
1256 1072 1356 1136 panca

206 1204 209 1208 .
239 1139 364 1219 „solum
386 1151 470 1220 acta,
502 1142 632 1224 legalem
665 1141 920 1206 consuetudinem
954 1141 1080 1205 minime
1101 1141 1354 1220 interturbantia,

240 1227 385 1307 „valeam
405 1230 568 1313 ollegari.“

243 1473 245 1476 ,
563 1467 566 1472 .
644 1363 680 1448 a·
712 1361 858 1434 xxxa·
930 1305 932 1312 '

196 1530 199 1537 -
351 1483 400 1575 Ε)
426 1488 639 1572 Paetorum,
669 1504 705 1561 et
728 1485 943 1588 Foederata
972 1483 1146 1559 Tabulae.
1192 1500 1194 1506 ’

253 1623 359 1707 Pacta
377 1648 587 1732 praeterea,
617 1661 659 1709 ac
677 1634 823 1709 foedera
842 1634 1001 1731 publica,
1038 1629 1285 1728 stipulationes
1305 1629 1349 1702 de

151 1733 267 1807 lutura
285 1737 401 1831 Regni
420 1745 673 1828 successione3
691 1741 753 1812 vel
772 1743 964 1813 occasione
984 1735 1091 1808 delati
1110 1733 1251 1827 Imperii
1270 1754 1369 1804 cnm·

151 1847 278 1908 extero
307 1839 472 1937 Principe
500 1853 726 1928 transactae;
755 1879 807 1892 -
835 1843 915 1913 dein
942 1840 1098 1911 Litterae
1134 1834 1349 1907 concordiae
1392 1836 1398 1848 “

151 1941 388 2030 (concordata
416 1942 595 2015 moderna·
616 1953 715 2014 aetas
743 1945 871 2033 vocat)
908 1941 1025 2038 quoad
1051 1939 1137 2010 Jura
1166 1957 1348 2010 sacrorum

149 2063 229 2110 cum
247 2041 409 2111 Romano
436 2043 609 2115 Pontilice
638 2047 767 2130 initae3
795 2045 898 2114 Pacis
918 2065 960 2112 ac
988 2041 1174 2112 foederum
1192 2035 1350 2112 Tabulae
1404 2072 1406 2077 ·
1450 2089 1453 2094 -
1562 2029 1563 2044 ¹

147 2139 477 2220 *Conventiones
498 2144 541 2218 ad
560 2147 732 2241 ancipites
759 2143 802 2216 de
821 2143 946 2216 linibus
973 2142 1179 2236 Regnorum
1198 2150 1348 2210 contro-

147 2243 290 2318 versias
318 2247 579 2340 sopiendas-
606 2249 790 2320 Tractatus
818 2239 1114 2318 commerciorum
1140 2280 1193 2294 —-
1210 2241 1348 2312 Trans-

149 2345 310 2417 actiones
328 2352 463 2440 variae,
478 2371 566 2444 quas
586 2349 669 2422 olim
690 2348 868 2442 Han-garis
888 2369 966 2419 cum
981 2343 1177 2444 Republica
1195 2342 1347 2431 Veneta,

147 2443 318 2536 Palania,
336 2448 444 2523 Porta
474 2453 717 2540 Ottomanioa,
744 2451 911 2538 Austria‚
931 2450 1060 2540 Stiria,
1080 2448 1229 2539 aliisque
1247 2444 1343 2517 Pro-

148 2551 275 2621 vinciis
294 2547 502 2647 freqaenter
520 2554 678 2642 fecerat,
707 2556 807 2647 queis
827 2552 966 2626 scilieet
984 2561 1065 2646 apta
1083 2550 1169 2622 lora
1188 2545 1343 2635 delinita,

149 2648 455 2750 obligationesque
473 2666 614 2730 mutuae
632 2654 776 2727 fuerunt
795 2648 1011 2728 contractae.

633 2861 668 2946 §.
696 2855 859 2932 XXXIII.

176 3045 178 3050 .
240 3002 287 3094 F)
318 2995 615 3080 Constitutione-c
632 3009 777 3099 Rspice
794 3011 1018 3099 Argumenta·
1031 3006 1251 3097 sispalona.

234 3149 289 3222 qn·
303 3154 439 3246 Regiae
458 3143 626 3251 potestati
645 3157 862 3246 reservatis,
891 3175 1048 3226 normam
1067 3161 1250 3248 praestant
1269 3151 1342 3223 Or-

146 3249 343 3327 dinationes
355 3257 505 3348 Regiae,
524 3261 676 3351 regiove
695 3263 839 3330 nomine
858 3257 1026 3349 vulgatae
1046 3256 1243 3348 argumenti
1263 3254 1341 3324 sin-

144 3352 302 3444 galeris,
329 3367 365 3426 et
391 3378 456 3450 pro
484 3357 691 3432 diversitate
721 3361 874 3452 obiecti,
904 3368 939 3430 et
969 3357 1105 3429 formae
1135 3379 1202 3452 qua
1223 3363 1340 3449 expe—'

144 3449 296 3546 diuntur‚
315 3459 437 3530 variae
456 3459 748 3532 nomenclationis
758 3461 820 3550 Ἴ,
833 3461 1004 3546 Quantam
1022 3454 1144 3529 harum
1162 3481 1235 3530 non
1252 3480 1341 3553 per-

143 3551 321 3630 functoria
349 3561 504 3652 cognitio
539 3557 676 3641 adserat
703 3559 912 3646 utilitatem,
949 3579 1022 3628 non
1062 3557 1215 3648 ambiget
1242 3577 1343 3646 sana

144 3660 203 3750 qui
231 3662 423 3732 eorundem·
453 3673 658 3754 argumenta
686 3683 765 3732 eura
785 3683 850 3749 ea,
879 3679 968 3755 quae
999 3661 1036 3729 in
1054 3677 1121 3729 usu
1140 3665 1218 3746 est,
1246 3677 1340 3750 quo-
1374 3749 1376 3752 Ι

143 3757 272 3832 tidiana
309 3762 528 3859 publicorum
563 3768 788 3858 negotiorum
829 3761 1130 3835 administratione
1172 3757 1339 3832 adcurate

145 3861 342 3937 contulerit.
372 3908 374 3914 ·
463 3941 491 3956 ,Ι
599 3955 603 3964 Ι
689 3894 692 3900 ·

183 3983 222 4066 a)
245 3983 392 4067 Exempla
414 3989 540 4066 borum,
560 3987 781 4052 Ordinationes
805 3989 837 4051 in
860 4007 894 4049 re
918 3995 1122 4065 montana,
1146 3985 1339 4064 numeria,

227 4073 454 4158 salinaria,
482 4075 757 4151 tricesimali,
790 4071 967 4155 pastali,
999 4072 1338 4154 Regulamentum

113 4195 115 4200 -
227 4157 766 4243 Militare,lnstruotiones
800 4159 1093 4234 Politicorum,
1123 4156 1338 4220 duridico-
1383 4233 1386 4237 .

228 4244 632 4310 rum—Gameralium
668 4246 967 4326 collegiorum,
998 4253 1028 4306 et
1060 4246 1337 4325 Supremorum

222 4329 439 4416 *Comitumz
477 4333 594 4396 Ratio
633 4331 910 4396 Educationis
959 4329 1169 4412 publicae,
1199 4337 1366 4412 aeterne·

225 4416 380 4485 normales
395 4418 609 4482 ordinationes
629 4417 904 4502 frequentissimae
925 4415 1179 4498 suppeditabant.

1120 4506 1143 4578 2
