3094 4868
223 217 299 295 aba

226 387 412 464 Personaii
428 385 574 483 proprio
593 377 736 456 arbitrio
756 377 908 478 delenti,
935 380 1062 478 periti,
1090 391 1196 478 atque
1214 379 1334 458 idonei
1351 382 1433 456 Ju-

230 492 338 564 dices.
374 488 500 561 Notari
527 493 682 558 meretur
710 482 822 554 adhue
849 485 885 554 in
920 483 1037 556 nausis
1068 487 1232 579 praec-ise
1259 485 1430 560 uirilibus

225 614 339 688 penes
370 589 644 663 confoederatas
676 593 810 680 septem
832 594 1017 656 montanas
1035 587 1198 658 civitates
1215 585 1276 682 ⁸)
1305 591 1430 660 inter-

226 693 378 768 medium
395 690 529 779 adbuo,
554 697 740 782 antequam
767 694 946 780 postrema
971 689 1106 759 revisio
1136 709 1255 762 eoram
1286 689 1431 762 Perso-
1521 735 1522 738 =

223 795 295 868 nali
311 794 430 866 loeum
445 791 594 878 babeat,
623 812 643 860 a
672 788 850 861 sententia
868 790 923 860 sui
951 786 1181 878 Magistratus
1205 789 1336 864 Forum
1353 811 1431 884 ap·
1521 829 1522 832 π

223 895 446 990 peilatorium
474 892 660 979 obtinere,
689 887 784 982 quod
810 909 861 970 ex
883 887 1100 982 singularum
1117 891 1303 984 Abtegatis
1330 913 1429 967 eon-

222 995 302 1071 flari
319 995 423 1068 solet
1048 1035 1051 1040 ·

265 1139 307 1226 a)
327 1139 478 1202 Prostaut
499 1137 532 1200 in
554 1135 696 1216 (torpore
718 1133 809 1198 duris
836 1133 1010 1215 peculiares
1032 1135 1168 1214 articuli,
1190 1137 1241 1201 bis
1265 1138 1297 1201 in
1321 1137 1430 1218 aperie

310 1225 501 1288 Civitatibus
523 1221 728 1302 praescripti,
758 1239 837 1300 quoa
869 1221 1009 1282 «loannes
1031 1223 1122 1284 'itur
1145 1225 1183 1284 do
1205 1224 1274 1286 Lak
1296 1225 1428 1286 'l'avor-

310 1313 454 1376 uiooruu
474 1308 637 1390 begaiium
667 1306 820 1387 Magister
842 1306 901 1368 sub
923 1307 1044 1370 Mattio
1075 1307 1260 1390 (torrium)
1285 1311 1428 1390 antiago-

285 1404 369 1470 ,rat‚
392 1395 484 1476 quive
507 1402 618 1474 postea
639 1391 808 1474 privilegio
831 1391 950 1474 Regum
973 1390 1128 1457 Utatmtai
1144 1393 1197 1472 lt,
1219 1404 1249 1458 et
1265 1395 1428 1477 Rutubis

315 1477 500 1558 confirmati,
522 1478 665 1558 auctique
688 1475 825 1542 suerunt.

246 1588 308 1675 ⁴⁸)
332 1589 411 1652 Puto
434 1587 681 1662 Cremniozium,
703 1585 968 1666 Sobemnioaium,
998 1585 1202 1668 Neusolium,
1223 1587 1427 1674 nuatunya,

310 1670 517 1757 Libatbduya‚
539 1671 729 1754 nutabam,
752 1679 782 1732 et
804 1668 960 1756 Ujbdnya.

749 1859 786 1946 §.
815 1861 901 1932 741.

682 2009 966 2088 Mantum'atiaa.

329 2155 369 2228 in
386 2155 612 2248 regionibus,
638 2153 825 2248 locisque,
852 2155 889 2225 in
917 2153 1041 2248 quibus
1068 2153 1227 2228 biinerae
1246 2157 1425 2248 coluntur,

229 2261 354 2332 demtis
374 2260 515 2346 nausia,
544 2276 635 2348 quae
663 2255 760 2328 nullo
788 2254 894 2326 modo
926 2258 1136 2347 conjunctae
1165 2269 1245 2330 sunt
1264 2280 1341 2330 oum
1359 2281 1426 2330 ra-

225 2359 398 2445 tionibus,
436 2367 471 2428 et
504 2357 657 2438 cultura,
676 2355 846 2445 fodinali,
890 2356 1218 2451 criminalibusque,
1264 2359 1425 2455 reliquae

225 2459 456 2558 personales,
485 2479 527 2528 ao
544 2459 662 2528 reales
681 2459 951 2529 montanistioae
979 2477 1101 2528 omnes
1120 2460 1286 2553 propriae
1303 2461 1425 2533 Juris-

226 2559 393 2646 dietioni,
427 2562 602 2631 montanis
632 2561 761 2652 quippe
787 2555 933 2630 Judioiis
967 2555 1150 2650 subjacent
1179 2557 1225 2649 ²³).
1263 2560 1318 2632 Ex
1345 2566 1424 2634 istis

226 2665 306 2735 alia¹
323 2667 404 2733 sunt
434 2658 687 2750 districtualia,
716 2680 806 2754 quae
836 2679 989 2749 nomen,
1024 2681 1275 2755 numerumque
1310 2663 1423 2734 aDi-

228 2762 407 2836 striotibus
427 2771 660 2855 acceperant,
689 2770 724 2830 et
742 2759 796 2830 his
815 2759 874 2830 vei
894 2760 1077 2832 distinctus
1102 2760 1218 2832 Judex
1236 2761 1421 2836 Montanus

227 2859 454 2934 districtualis
481 2859 683 2954 praesidet,
710 2863 759 2930 uti
787 2857 1044 2950 Sohemniozi13
1071 2861 1131 2935 vel
1158 2861 1252 2956 quod
1279 2866 1315 2934 in
1331 2864 1422 2935 reli-

160 3033 166 3050 ,
227 2963 304 3056 quis
325 2958 483 3046 obtinet,
511 2962 588 3055 ipse
608 2957 759 3053 Collegii
777 2959 1019 3055 Praepositus.
1048 2959 1087 3032 In
1105 2961 1252 3036 Judioiis
1270 2965 1424 3037 inferio-

225 3061 336 3150 ribus,
362 3083 404 3131 ao
421 3060 596 3156 prioribus
617 3061 853 3136 subordinatis
869 3064 928 3153 jus
948 3061 1066 3136 dicunt
1083 3062 1227 3136 Judioes
1247 3066 1424 3140 substituti

226 3160 413 3253 Montium,
441 3162 614 3233 interdum
643 3163 818 3236 Silvarum
846 3163 1017 3257 Magistri.
1045 3163 1108 3236 His
1126 3187 1267 3261 quoque
1285 3177 1424 3239 utrum-

226 3287 294 3360 que
306 3263 433 3337 Curiae
443 3261 579 3358 Regiae
589 3263 757 3336 Tribunal
767 3263 859 3335 Fora
870 3265 1115 3360 Appellatoria
1128 3270 1344 3341 constituunt
1375 3271 1421 3360 ⁶).

753 3478 790 3569 §.
820 3483 905 3558 742.

385 3669 386 3672 κ
438 3634 703 3716 maurianum,
731 3631 970 3726 odiorumque
994 3635 1197 3714 Locorum.

189 3805 193 3812 ·
324 3775 429 3870 Apud
453 3775 631 3871 iazyges,
661 3787 696 3850 et
724 3775 899 3852 Cumanos
927 3777 1056 3852 Forum
1081 3785 1215 3876 primae
1233 3786 1423 3857 instantiae
1470 3789 1474 3793 “

222 3875 258 3951 in
287 3879 403 3949 nausis
432 3877 594 3952 civilibus
623 3889 704 3952 sunt
730 3880 882 3968 Senatus
910 3879 1106 3974 Locorum,
1146 3883 1328 3982 Capitanei
1354 3887 1424 3958 Di-

252 4089 284 4154 ,·)
304 4091 382 4144 Cani.
401 4091 476 4143 Atax.
494 4092 615 4160 Hordoyi
635 4111 746 4154 memor.
764 4099 853 4166 flung.
872 4099 903 4153 Τ.
920 4099 967 4152 ΙΙΙ.

232 4163 279 4239 'to
301 4177 378 4231 roos.
396 4179 439 4229 aa.
458 4207 493 4218 -
512 4181 591 4233 rona.
609 4181 650 4234 as.

252 4263 274 4325 a)
294 4266 335 4314 De
353 4264 417 4315 Jud.
436 4263 523 4317 Mont.
540 4264 595 4330 legi
614 4269 1005 4322 meret.raner1³rtno.sur.
1024 4271 1090 4320 Met
1110 4273 1153 4324 ed.
1172 4273 1209 4326 ΙΙ.
1229 4275 1258 4328 0.
1272 4271 1297 4328 d.
1317 4287 1342 4340 p.
1361 4274 1423 4333 176·

302 4353 329 4397 et
346 4348 486 4411 turiavieb
504 4349 578 4402 Just.
596 4351 658 4406 Jur.
677 4353 745 4407 blut.
763 4355 793 4404 L.
812 4352 839 4406 i.
858 4355 890 4406 c·
907 4358 932 4408 1.
949 4369 975 4420 p.
994 4357 1053 4411 175.
1072 4361 1107 4409 et
1125 4370 1184 4422 aeq.
