<?xml version="1.0" encoding="UTF-8"?>
<!DOCTYPE html PUBLIC "-//W3C//DTD XHTML 1.0 Transitional//EN"
    "http://www.w3.org/TR/xhtml1/DTD/xhtml1-transitional.dtd">
<html xmlns="http://www.w3.org/1999/xhtml" xml:lang="en" lang="en">
 <head>
  <title>
</title>
<meta http-equiv="Content-Type" content="text/html;charset=utf-8" />
  <meta name='ocr-system' content='tesseract 3.04.00' />
  <meta name='ocr-capabilities' content='ocr_page ocr_carea ocr_par ocr_line ocrx_word'/>
</head>
<body>
  <div class='ocr_page' id='page_1' title='image "./conspectusjuris00czirgoog_0179.png"; bbox 0 0 3158 4864; ppageno 0'>
   <div class='ocr_carea' id='block_1_1' title="bbox 1276 298 1349 374">
    <p class='ocr_par' dir='ltr' id='par_1_1' title="bbox 1276 298 1349 374">
     <span class='ocr_line' id='line_1_1' title="bbox 1276 298 1349 374; baseline 0.055 -4"><span class='ocrx_word' id='word_1_1' title='bbox 1276 298 1349 374; x_wconf 77' lang='lat'><strong>129</strong></span> 
     </span>
    </p>
   </div>
   <div class='ocr_carea' id='block_1_2' title="bbox 151 466 1372 1278">
    <p class='ocr_par' dir='ltr' id='par_1_2' title="bbox 151 466 1372 1278">
     <span class='ocr_line' id='line_1_2' title="bbox 153 466 1352 564; baseline -0.006 -16"><span class='ocrx_word' id='word_1_2' title='bbox 153 495 229 548; x_wconf 87' lang='lat' dir='ltr'><strong>sum</strong></span> <span class='ocrx_word' id='word_1_3' title='bbox 271 466 578 557; x_wconf 87' lang='lat' dir='ltr'><strong>Jurojurando</strong></span> <span class='ocrx_word' id='word_1_4' title='bbox 628 479 750 563; x_wconf 91' lang='lat' dir='ltr'><strong>aperte</strong></span> <span class='ocrx_word' id='word_1_5' title='bbox 791 469 1029 564; x_wconf 78' lang='lat' dir='ltr'><strong>sponderent,</strong></span> <span class='ocrx_word' id='word_1_6' title='bbox 1077 468 1352 542; x_wconf 82' lang='lat' dir='ltr'><strong>commemoravi</strong></span> 
     </span>
     <span class='ocr_line' id='line_1_3' title="bbox 153 567 1372 670; baseline -0.007 -21"><span class='ocrx_word' id='word_1_7' title='bbox 153 575 329 670; x_wconf 88' lang='lat' dir='ltr'><strong>superius,</strong></span> <span class='ocrx_word' id='word_1_8' title='bbox 357 573 417 666; x_wconf 86' lang='lat' dir='ltr'><strong>qui</strong></span> <span class='ocrx_word' id='word_1_9' title='bbox 443 591 511 640; x_wconf 89' lang='lat' dir='ltr'><strong>neo</strong></span> <span class='ocrx_word' id='word_1_10' title='bbox 536 567 641 642; x_wconf 92' lang='lat' dir='ltr'><strong>modo</strong></span> <span class='ocrx_word' id='word_1_11' title='bbox 673 570 878 664; x_wconf 89' lang='lat' dir='ltr'><strong>simpliciter</strong></span> <span class='ocrx_word' id='word_1_12' title='bbox 907 572 1034 657; x_wconf 81' lang='lat' dir='ltr'><strong>dasiit3</strong></span> <span class='ocrx_word' id='word_1_13' title='bbox 1070 591 1149 642; x_wconf 84' lang='lat' dir='ltr'><strong>narn</strong></span> <span class='ocrx_word' id='word_1_14' title='bbox 1179 569 1372 670; x_wconf 21' lang='lat' dir='ltr'><strong>quemad-,¹</strong></span> 
     </span>
     <span class='ocr_line' id='line_1_4' title="bbox 152 669 1348 768; baseline -0.006 -20"><span class='ocrx_word' id='word_1_15' title='bbox 152 676 291 750; x_wconf 89' lang='lat' dir='ltr'><strong>modum</strong></span> <span class='ocrx_word' id='word_1_16' title='bbox 309 673 507 763; x_wconf 79' lang='lat' dir='ltr'><strong>homagium</strong></span> <span class='ocrx_word' id='word_1_17' title='bbox 535 670 767 760; x_wconf 83' lang='lat' dir='ltr'><strong>ablajoribus</strong></span> <span class='ocrx_word' id='word_1_18' title='bbox 786 695 864 744; x_wconf 89' lang='lat' dir='ltr'><strong>oum</strong></span> <span class='ocrx_word' id='word_1_19' title='bbox 891 676 968 768; x_wconf 87' lang='lat' dir='ltr'><strong>ipsa</strong></span> <span class='ocrx_word' id='word_1_20' title='bbox 987 671 1103 764; x_wconf 82' lang='lat' dir='ltr'>Regni</span> <span class='ocrx_word' id='word_1_21' title='bbox 1129 669 1348 742; x_wconf 85' lang='lat' dir='ltr'><strong>haereditate</strong></span> 
     </span>
     <span class='ocr_line' id='line_1_5' title="bbox 151 771 1349 871; baseline -0.007 -21"><span class='ocrx_word' id='word_1_22' title='bbox 151 778 306 871; x_wconf 90' lang='lat' dir='ltr'><strong>Principi</strong></span> <span class='ocrx_word' id='word_1_23' title='bbox 324 795 389 847; x_wconf 89' lang='lat' dir='ltr'><strong>suo</strong></span> <span class='ocrx_word' id='word_1_24' title='bbox 410 773 537 860; x_wconf 89' lang='lat' dir='ltr'><strong>delata,</strong></span> <span class='ocrx_word' id='word_1_25' title='bbox 566 776 781 867; x_wconf 89' lang='lat' dir='ltr'><strong>sempiterno</strong></span> <span class='ocrx_word' id='word_1_26' title='bbox 805 774 1052 847; x_wconf 89' lang='lat' dir='ltr'><strong>observamino</strong></span> <span class='ocrx_word' id='word_1_27' title='bbox 1077 793 1163 846; x_wconf 87' lang='lat' dir='ltr'><strong>suos</strong></span> <span class='ocrx_word' id='word_1_28' title='bbox 1191 775 1227 844; x_wconf 93' lang='lat' dir='ltr'><strong>in</strong></span> <span class='ocrx_word' id='word_1_29' title='bbox 1256 771 1349 844; x_wconf 86' lang='lat' dir='ltr'><strong>bae-</strong></span> 
     </span>
     <span class='ocr_line' id='line_1_6' title="bbox 151 873 1350 968; baseline -0.007 -18"><span class='ocrx_word' id='word_1_30' title='bbox 151 879 257 950; x_wconf 89' lang='lat' dir='ltr'><strong>rodes</strong></span> <span class='ocrx_word' id='word_1_31' title='bbox 277 877 473 949; x_wconf 89' lang='lat' dir='ltr'><strong>derivatum</strong></span> <span class='ocrx_word' id='word_1_32' title='bbox 491 873 570 961; x_wconf 87' lang='lat' dir='ltr'><strong>init,</strong></span> <span class='ocrx_word' id='word_1_33' title='bbox 597 875 647 944; x_wconf 87' lang='lat' dir='ltr'><strong>ita</strong></span> <span class='ocrx_word' id='word_1_34' title='bbox 665 876 724 967; x_wconf 90' lang='lat' dir='ltr'><strong>qni</strong></span> <span class='ocrx_word' id='word_1_35' title='bbox 743 873 785 946; x_wconf 91' lang='lat' dir='ltr'><strong>ab</strong></span> <span class='ocrx_word' id='word_1_36' title='bbox 805 896 848 947; x_wconf 89' lang='lat' dir='ltr'><strong>eo</strong></span> <span class='ocrx_word' id='word_1_37' title='bbox 879 878 985 948; x_wconf 91' lang='lat' dir='ltr'><strong>etiam</strong></span> <span class='ocrx_word' id='word_1_38' title='bbox 1011 885 1172 968; x_wconf 86' lang='lat' dir='ltr'><strong>tempore</strong></span> <span class='ocrx_word' id='word_1_39' title='bbox 1202 882 1350 944; x_wconf 77' lang='lat' dir='ltr'><strong>exterae</strong></span> 
     </span>
     <span class='ocr_line' id='line_1_7' title="bbox 152 970 1354 1073; baseline -0.008 -21"><span class='ocrx_word' id='word_1_40' title='bbox 152 981 301 1072; x_wconf 87' lang='lat' dir='ltr'><strong>originis</strong></span> <span class='ocrx_word' id='word_1_41' title='bbox 318 979 466 1073; x_wconf 86' lang='lat' dir='ltr'><strong>primun</strong></span> <span class='ocrx_word' id='word_1_42' title='bbox 494 977 530 1044; x_wconf 95' lang='lat' dir='ltr'><strong>in</strong></span> <span class='ocrx_word' id='word_1_43' title='bbox 558 972 746 1068; x_wconf 87' lang='lat' dir='ltr'><strong>Hungaros</strong></span> <span class='ocrx_word' id='word_1_44' title='bbox 773 987 1003 1070; x_wconf 85' lang='lat' dir='ltr'><strong>coaptantur,</strong></span> <span class='ocrx_word' id='word_1_45' title='bbox 1031 974 1171 1050; x_wconf 82' lang='lat' dir='ltr'><strong>solenni</strong></span> <span class='ocrx_word' id='word_1_46' title='bbox 1200 970 1354 1045; x_wconf 85' lang='lat' dir='ltr'><strong>formula</strong></span> 
     </span>
     <span class='ocr_line' id='line_1_8' title="bbox 152 1073 1354 1178; baseline -0.008 -23"><span class='ocrx_word' id='word_1_47' title='bbox 152 1103 217 1178; x_wconf 92' lang='lat' dir='ltr'><strong>pro</strong></span> <span class='ocrx_word' id='word_1_48' title='bbox 238 1101 309 1169; x_wconf 87' lang='lat' dir='ltr'><strong>se,</strong></span> <span class='ocrx_word' id='word_1_49' title='bbox 350 1079 494 1169; x_wconf 82' lang='lat' dir='ltr'><strong>suisque</strong></span> <span class='ocrx_word' id='word_1_50' title='bbox 524 1073 645 1148; x_wconf 89' lang='lat' dir='ltr'><strong>itidem</strong></span> <span class='ocrx_word' id='word_1_51' title='bbox 673 1076 885 1152; x_wconf 77' lang='lat' dir='ltr'><strong>haeredibus</strong></span> <span class='ocrx_word' id='word_1_52' title='bbox 908 1077 1086 1152; x_wconf 86' lang='lat' dir='ltr'><strong>fidelitatis</strong></span> <span class='ocrx_word' id='word_1_53' title='bbox 1112 1073 1354 1152; x_wconf 72' lang='lat' dir='ltr'><strong>tuamensem</strong></span> 
     </span>
     <span class='ocr_line' id='line_1_9' title="bbox 151 1179 852 1278; baseline -0.013 -21"><span class='ocrx_word' id='word_1_54' title='bbox 151 1200 356 1278; x_wconf 87' lang='lat' dir='ltr'><strong>nuncupare</strong></span> <span class='ocrx_word' id='word_1_55' title='bbox 374 1179 582 1250; x_wconf 86' lang='lat' dir='ltr'><strong>necessario</strong></span> <span class='ocrx_word' id='word_1_56' title='bbox 610 1187 775 1250; x_wconf 89' lang='lat' dir='ltr'><strong>tenentur</strong></span> <span class='ocrx_word' id='word_1_57' title='bbox 805 1181 852 1270; x_wconf 83' lang='lat'><strong>¹).</strong></span> 
     </span>
    </p>
   </div>
   <div class='ocr_carea' id='block_1_3' title="bbox 177 1295 1355 1983">
    <p class='ocr_par' dir='ltr' id='par_1_3' title="bbox 195 1295 1353 1469">
     <span class='ocr_line' id='line_1_10' title="bbox 195 1295 1351 1390; baseline -0.006 -23"><span class='ocrx_word' id='word_1_58' title='bbox 195 1304 230 1390; x_wconf 82' lang='lat'><strong>*)</strong></span> <span class='ocrx_word' id='word_1_59' title='bbox 254 1306 476 1368; x_wconf 72' lang='lat' dir='ltr'><strong>steteramus</strong></span> <span class='ocrx_word' id='word_1_60' title='bbox 499 1295 596 1382; x_wconf 71' lang='lat' dir='ltr'><strong>liujus</strong></span> <span class='ocrx_word' id='word_1_61' title='bbox 618 1299 822 1386; x_wconf 79' lang='lat' dir='ltr'><strong>obligationis</strong></span> <span class='ocrx_word' id='word_1_62' title='bbox 844 1301 1006 1364; x_wconf 77' lang='lat' dir='ltr'><strong>numerosi</strong></span> <span class='ocrx_word' id='word_1_63' title='bbox 1034 1303 1136 1364; x_wconf 86' lang='lat' dir='ltr'><strong>omnis</strong></span> <span class='ocrx_word' id='word_1_64' title='bbox 1162 1298 1351 1364; x_wconf 75' lang='lat' dir='ltr'><strong>conditionis</strong></span> 
     </span>
     <span class='ocr_line' id='line_1_11' title="bbox 238 1384 1353 1469; baseline -0.005 -17"><span class='ocrx_word' id='word_1_65' title='bbox 238 1388 395 1452; x_wconf 84' lang='lat' dir='ltr'><strong>coinooloa</strong></span> <span class='ocrx_word' id='word_1_66' title='bbox 416 1387 614 1448; x_wconf 80' lang='lat' dir='ltr'><strong>immemores</strong></span> <span class='ocrx_word' id='word_1_67' title='bbox 636 1393 736 1448; x_wconf 85' lang='lat' dir='ltr'><strong>aetate</strong></span> <span class='ocrx_word' id='word_1_68' title='bbox 758 1384 815 1448; x_wconf 87' lang='lat' dir='ltr'><strong>beo</strong></span> <span class='ocrx_word' id='word_1_69' title='bbox 837 1395 964 1464; x_wconf 81' lang='grc'>111111,</span> <span class='ocrx_word' id='word_1_70' title='bbox 990 1384 1099 1469; x_wconf 84' lang='lat' dir='ltr'><strong>pejora</strong></span> <span class='ocrx_word' id='word_1_71' title='bbox 1122 1388 1202 1463; x_wconf 83' lang='lat' dir='ltr'><strong>avis,</strong></span> <span class='ocrx_word' id='word_1_72' title='bbox 1225 1405 1259 1448; x_wconf 88' lang='lat' dir='ltr'><strong>sa</strong></span> <span class='ocrx_word' id='word_1_73' title='bbox 1282 1384 1353 1462; x_wconf 84' lang='lat' dir='ltr'><strong>vili,</strong></span> 
     </span>
    </p>

    <p class='ocr_par' dir='ltr' id='par_1_4' title="bbox 210 1469 1355 1814">
     <span class='ocr_line' id='line_1_12' title="bbox 210 1469 1354 1555; baseline -0.005 -17"><span class='ocrx_word' id='word_1_74' title='bbox 210 1523 213 1529; x_wconf 86' lang='lat'>.</span> <span class='ocrx_word' id='word_1_75' title='bbox 237 1496 274 1538; x_wconf 84' lang='lat' dir='ltr'><strong>ao</strong></span> <span class='ocrx_word' id='word_1_76' title='bbox 295 1473 429 1536; x_wconf 88' lang='lat' dir='ltr'><strong>neieudo</strong></span> <span class='ocrx_word' id='word_1_77' title='bbox 445 1469 686 1551; x_wconf 84' lang='lat' dir='ltr'><strong>perduellionis,</strong></span> <span class='ocrx_word' id='word_1_78' title='bbox 708 1471 958 1555; x_wconf 81' lang='lat' dir='ltr'><strong>proditionisque</strong></span> <span class='ocrx_word' id='word_1_79' title='bbox 974 1473 1006 1534; x_wconf 93' lang='lat' dir='ltr'><strong>iu</strong></span> <span class='ocrx_word' id='word_1_80' title='bbox 1021 1474 1147 1555; x_wconf 83' lang='lat' dir='ltr'><strong>Regem,</strong></span> <span class='ocrx_word' id='word_1_81' title='bbox 1170 1481 1200 1534; x_wconf 85' lang='lat' dir='ltr'><strong>et</strong></span> <span class='ocrx_word' id='word_1_82' title='bbox 1215 1469 1354 1534; x_wconf 80' lang='lat' dir='ltr'><strong>Patrium</strong></span> 
     </span>
     <span class='ocr_line' id='line_1_13' title="bbox 238 1557 1354 1639; baseline -0.007 -16"><span class='ocrx_word' id='word_1_83' title='bbox 238 1559 354 1623; x_wconf 84' lang='lat' dir='ltr'><strong>scelere</strong></span> <span class='ocrx_word' id='word_1_84' title='bbox 377 1557 465 1620; x_wconf 85' lang='lat' dir='ltr'><strong>laede</strong></span> <span class='ocrx_word' id='word_1_85' title='bbox 488 1557 699 1619; x_wconf 86' lang='lat' dir='ltr'><strong>contaminare</strong></span> <span class='ocrx_word' id='word_1_86' title='bbox 729 1557 823 1618; x_wconf 85' lang='lat' dir='ltr'><strong>veriti</strong></span> <span class='ocrx_word' id='word_1_87' title='bbox 854 1578 914 1620; x_wconf 90' lang='lat' dir='ltr'><strong>non</strong></span> <span class='ocrx_word' id='word_1_88' title='bbox 947 1557 1091 1633; x_wconf 86' lang='lat' dir='ltr'><strong>luerunt,</strong></span> <span class='ocrx_word' id='word_1_89' title='bbox 1121 1566 1213 1639; x_wconf 81' lang='lat' dir='ltr'><strong>atquo</strong></span> <span class='ocrx_word' id='word_1_90' title='bbox 1237 1563 1354 1618; x_wconf 87' lang='lat' dir='ltr'><strong>tantam</strong></span> 
     </span>
     <span class='ocr_line' id='line_1_14' title="bbox 240 1641 1353 1728; baseline -0.006 -20"><span class='ocrx_word' id='word_1_91' title='bbox 240 1645 421 1728; x_wconf 85' lang='lat' dir='ltr'><strong>Hungarioe</strong></span> <span class='ocrx_word' id='word_1_92' title='bbox 445 1651 600 1723; x_wconf 86' lang='lat' dir='ltr'><strong>stragem,</strong></span> <span class='ocrx_word' id='word_1_93' title='bbox 624 1641 848 1717; x_wconf 86' lang='lat' dir='ltr'><strong>calamitatem,</strong></span> <span class='ocrx_word' id='word_1_94' title='bbox 877 1643 999 1704; x_wconf 88' lang='lat' dir='ltr'><strong>ruinam</strong></span> <span class='ocrx_word' id='word_1_95' title='bbox 1031 1643 1135 1705; x_wconf 84' lang='lat' dir='ltr'><strong>laliaci</strong></span> <span class='ocrx_word' id='word_1_96' title='bbox 1168 1649 1353 1704; x_wconf 86' lang='lat' dir='ltr'><strong>novatorum</strong></span> 
     </span>
     <span class='ocr_line' id='line_1_15' title="bbox 240 1725 1355 1814; baseline -0.008 -20"><span class='ocrx_word' id='word_1_97' title='bbox 240 1731 362 1794; x_wconf 85' lang='lat' dir='ltr'><strong>theoria</strong></span> <span class='ocrx_word' id='word_1_98' title='bbox 384 1729 550 1809; x_wconf 77' lang='lat' dir='ltr'><strong>magistrat</strong></span> <span class='ocrx_word' id='word_1_99' title='bbox 585 1728 752 1809; x_wconf 84' lang='lat' dir='ltr'><strong>superbia,</strong></span> <span class='ocrx_word' id='word_1_100' title='bbox 786 1727 962 1814; x_wconf 82' lang='lat' dir='ltr'><strong>impietate,</strong></span> <span class='ocrx_word' id='word_1_101' title='bbox 993 1730 1190 1806; x_wconf 90' lang='lat' dir='ltr'><strong>seductione,</strong></span> <span class='ocrx_word' id='word_1_102' title='bbox 1223 1725 1355 1806; x_wconf 86' lang='lat' dir='ltr'><strong>pertidia</strong></span> 
     </span>
    </p>

    <p class='ocr_par' dir='ltr' id='par_1_5' title="bbox 177 1811 1355 1983">
     <span class='ocr_line' id='line_1_16' title="bbox 177 1811 1355 1895; baseline -0.006 -16"><span class='ocrx_word' id='word_1_103' title='bbox 177 1865 180 1872; x_wconf 88' lang='lat'><em>.</em></span> <span class='ocrx_word' id='word_1_104' title='bbox 239 1817 371 1879; x_wconf 87' lang='lat' dir='ltr'><strong>ducibus</strong></span> <span class='ocrx_word' id='word_1_105' title='bbox 388 1823 603 1876; x_wconf 84' lang='lat' dir='ltr'><strong>transvorsum</strong></span> <span class='ocrx_word' id='word_1_106' title='bbox 626 1814 697 1891; x_wconf 90' lang='lat' dir='ltr'><strong>acti,</strong></span> <span class='ocrx_word' id='word_1_107' title='bbox 720 1813 752 1876; x_wconf 86' lang='grc'><strong>11</strong></span> <span class='ocrx_word' id='word_1_108' title='bbox 771 1811 896 1895; x_wconf 87' lang='lat' dir='ltr'><strong>longam</strong></span> <span class='ocrx_word' id='word_1_109' title='bbox 920 1815 1155 1878; x_wconf 81' lang='lat' dir='ltr'><strong>diuturnitatem</strong></span> <span class='ocrx_word' id='word_1_110' title='bbox 1173 1811 1355 1887; x_wconf 85' lang='lat' dir='ltr'><strong>attulerunt,</strong></span> 
     </span>
     <span class='ocr_line' id='line_1_17' title="bbox 242 1895 1355 1983; baseline -0.006 -18"><span class='ocrx_word' id='word_1_111' title='bbox 242 1901 355 1983; x_wconf 84' lang='lat' dir='ltr'><strong>quibus</strong></span> <span class='ocrx_word' id='word_1_112' title='bbox 374 1917 446 1962; x_wconf 83' lang='lat' dir='ltr'><strong>sera</strong></span> <span class='ocrx_word' id='word_1_113' title='bbox 459 1898 627 1962; x_wconf 89' lang='lat' dir='ltr'><strong>multorum</strong></span> <span class='ocrx_word' id='word_1_114' title='bbox 644 1899 813 1980; x_wconf 81' lang='lat' dir='ltr'><strong>poenitudo</strong></span> <span class='ocrx_word' id='word_1_115' title='bbox 836 1901 973 1964; x_wconf 86' lang='lat' dir='ltr'><strong>remedia</strong></span> <span class='ocrx_word' id='word_1_116' title='bbox 988 1901 1159 1982; x_wconf 85' lang='lat' dir='ltr'><strong>propinare</strong></span> <span class='ocrx_word' id='word_1_117' title='bbox 1179 1919 1242 1962; x_wconf 93' lang='lat' dir='ltr'><strong>non</strong></span> <span class='ocrx_word' id='word_1_118' title='bbox 1262 1895 1355 1960; x_wconf 84' lang='lat' dir='ltr'><strong>valet.</strong></span> 
     </span>
    </p>
   </div>
   <div class='ocr_carea' id='block_1_4' title="bbox 627 2081 882 2168">
    <p class='ocr_par' dir='ltr' id='par_1_6' title="bbox 627 2081 882 2168">
     <span class='ocr_line' id='line_1_18' title="bbox 627 2081 882 2168; baseline 0.024 -18"><span class='ocrx_word' id='word_1_119' title='bbox 627 2081 787 2168; x_wconf 77' lang='lat' dir='ltr'><strong>ceput</strong></span> <span class='ocrx_word' id='word_1_120' title='bbox 810 2081 882 2156; x_wconf 74' lang='lat'><strong>11.</strong></span> 
     </span>
    </p>
   </div>
   <div class='ocr_carea' id='block_1_5' title="bbox 223 2187 1285 2405">
    <p class='ocr_par' dir='ltr' id='par_1_7' title="bbox 223 2187 1285 2405">
     <span class='ocr_line' id='line_1_19' title="bbox 223 2187 1285 2296; baseline -0.005 -20"><span class='ocrx_word' id='word_1_121' title='bbox 223 2195 279 2276; x_wconf 88' lang='grc'><strong>111</strong></span> <span class='ocrx_word' id='word_1_122' title='bbox 305 2187 498 2291; x_wconf 83' lang='lat' dir='ltr'><strong>iuribus,</strong></span> <span class='ocrx_word' id='word_1_123' title='bbox 529 2191 574 2274; x_wconf 92' lang='grc'><strong>11</strong></span> <span class='ocrx_word' id='word_1_124' title='bbox 598 2191 934 2296; x_wconf 83' lang='lat' dir='ltr'><strong>Praerogatiris</strong></span> <span class='ocrx_word' id='word_1_125' title='bbox 959 2189 1285 2279; x_wconf 85' lang='lat' dir='ltr'><strong>Nobilitoribus.</strong></span> 
     </span>
     <span class='ocr_line' id='line_1_20' title="bbox 685 2321 836 2405; baseline -0.02 -12"><span class='ocrx_word' id='word_1_126' title='bbox 685 2321 721 2405; x_wconf 88' lang='lat'><strong>§.</strong></span> <span class='ocrx_word' id='word_1_127' title='bbox 754 2323 836 2395; x_wconf 85' lang='grc'>168.</span> 
     </span>
    </p>
   </div>
   <div class='ocr_carea' id='block_1_6' title="bbox 200 2447 1313 2536">
    <p class='ocr_par' dir='ltr' id='par_1_8' title="bbox 200 2447 1313 2536">
     <span class='ocr_line' id='line_1_21' title="bbox 200 2447 1313 2536; baseline -0.002 -16"><span class='ocrx_word' id='word_1_128' title='bbox 200 2447 298 2534; x_wconf 78' lang='lat' dir='ltr'><strong>Quid</strong></span> <span class='ocrx_word' id='word_1_129' title='bbox 319 2453 473 2520; x_wconf 70' lang='lat' dir='ltr'><strong>nomene</strong></span> <span class='ocrx_word' id='word_1_130' title='bbox 498 2449 860 2536; x_wconf 67' lang='lat' dir='ltr'><strong>Proerwuu&#39;oarum</strong></span> <span class='ocrx_word' id='word_1_131' title='bbox 888 2449 1160 2522; x_wconf 76' lang='lat' dir='ltr'><strong>Nodz‘lz‘tort&#39;um</strong></span> <span class='ocrx_word' id='word_1_132' title='bbox 1185 2451 1313 2520; x_wconf 76' lang='lat' dir='ltr'><strong>cenet?</strong></span> 
     </span>
    </p>
   </div>
   <div class='ocr_carea' id='block_1_7' title="bbox 72 2591 1359 3294">
    <p class='ocr_par' dir='ltr' id='par_1_9' title="bbox 72 2591 1359 3294">
     <span class='ocr_line' id='line_1_22' title="bbox 261 2591 1355 2692; baseline 0.003 -29"><span class='ocrx_word' id='word_1_133' title='bbox 261 2593 359 2680; x_wconf 81' lang='lat' dir='ltr'><strong>Quae</strong></span> <span class='ocrx_word' id='word_1_134' title='bbox 379 2594 423 2665; x_wconf 89' lang='lat' dir='ltr'><strong>ad</strong></span> <span class='ocrx_word' id='word_1_135' title='bbox 441 2615 567 2665; x_wconf 90' lang='lat' dir='ltr'><strong>annum</strong></span> <span class='ocrx_word' id='word_1_136' title='bbox 586 2591 891 2688; x_wconf 88' lang='lat' dir='ltr'><strong>quadragesimum</strong></span> <span class='ocrx_word' id='word_1_137' title='bbox 911 2607 1074 2672; x_wconf 87' lang='lat' dir='ltr'><strong>octavum</strong></span> <span class='ocrx_word' id='word_1_138' title='bbox 1102 2617 1208 2692; x_wconf 89' lang='lat' dir='ltr'><strong>supra</strong></span> <span class='ocrx_word' id='word_1_139' title='bbox 1235 2593 1355 2684; x_wconf 55' lang='lat' dir='ltr'><strong>milless</strong></span> 
     </span>
     <span class='ocr_line' id='line_1_23' title="bbox 159 2695 1356 2790; baseline -0.002 -22"><span class='ocrx_word' id='word_1_140' title='bbox 159 2697 283 2768; x_wconf 89' lang='lat' dir='ltr'><strong>simum</strong></span> <span class='ocrx_word' id='word_1_141' title='bbox 303 2696 634 2789; x_wconf 82' lang='lat' dir='ltr'><strong>octingentesimum</strong></span> <span class='ocrx_word' id='word_1_142' title='bbox 663 2697 739 2766; x_wconf 90' lang='lat' dir='ltr'><strong>sine</strong></span> <span class='ocrx_word' id='word_1_143' title='bbox 760 2696 987 2769; x_wconf 87' lang='lat' dir='ltr'><strong>diminutione</strong></span> <span class='ocrx_word' id='word_1_144' title='bbox 1005 2695 1180 2772; x_wconf 89' lang='lat' dir='ltr'><strong>nobilibus</strong></span> <span class='ocrx_word' id='word_1_145' title='bbox 1206 2717 1356 2790; x_wconf 89' lang='lat' dir='ltr'><strong>compe·-</strong></span> 
     </span>
     <span class='ocr_line' id='line_1_24' title="bbox 158 2795 1357 2894; baseline 0.001 -27"><span class='ocrx_word' id='word_1_146' title='bbox 158 2795 278 2868; x_wconf 86' lang='lat' dir='ltr'><strong>tebant</strong></span> <span class='ocrx_word' id='word_1_147' title='bbox 295 2795 505 2886; x_wconf 79' lang='lat' dir='ltr'><strong>libertates,</strong></span> <span class='ocrx_word' id='word_1_148' title='bbox 534 2796 799 2888; x_wconf 87' lang='lat' dir='ltr'><strong>immunitates,</strong></span> <span class='ocrx_word' id='word_1_149' title='bbox 829 2807 864 2869; x_wconf 90' lang='grc'><strong>11</strong></span> <span class='ocrx_word' id='word_1_150' title='bbox 881 2797 979 2888; x_wconf 90' lang='lat' dir='ltr'><strong>Jura,</strong></span> <span class='ocrx_word' id='word_1_151' title='bbox 1009 2821 1098 2894; x_wconf 89' lang='lat' dir='ltr'><strong>quos</strong></span> <span class='ocrx_word' id='word_1_152' title='bbox 1118 2797 1181 2872; x_wconf 88' lang='lat' dir='ltr'><strong>sub</strong></span> <span class='ocrx_word' id='word_1_153' title='bbox 1200 2795 1267 2870; x_wconf 85' lang='lat' dir='ltr'><strong>hac</strong></span> <span class='ocrx_word' id='word_1_154' title='bbox 1284 2816 1357 2868; x_wconf 85' lang='lat' dir='ltr'><strong>no-·</strong></span> 
     </span>
     <span class='ocr_line' id='line_1_25' title="bbox 72 2896 1354 2998; baseline 0.004 -33"><span class='ocrx_word' id='word_1_155' title='bbox 72 2987 76 2998; x_wconf 28' lang='grc' dir='ltr'>Ι</span> <span class='ocrx_word' id='word_1_156' title='bbox 158 2897 393 2970; x_wconf 90' lang='lat' dir='ltr'><strong>menclatione</strong></span> <span class='ocrx_word' id='word_1_157' title='bbox 427 2898 489 2970; x_wconf 84' lang='lat' dir='ltr'><strong>lex</strong></span> <span class='ocrx_word' id='word_1_158' title='bbox 525 2896 790 2993; x_wconf 83' lang='lat' dir='ltr'><strong>complectitur,</strong></span> <span class='ocrx_word' id='word_1_159' title='bbox 837 2904 988 2973; x_wconf 90' lang='lat' dir='ltr'><strong>omnium</strong></span> <span class='ocrx_word' id='word_1_160' title='bbox 1040 2901 1198 2990; x_wconf 87' lang='lat' dir='ltr'><strong>cujusvis</strong></span> <span class='ocrx_word' id='word_1_161' title='bbox 1235 2899 1354 2974; x_wconf 86' lang='lat' dir='ltr'><strong>Status</strong></span> 
     </span>
     <span class='ocr_line' id='line_1_26' title="bbox 159 2998 1351 3095; baseline 0.002 -28"><span class='ocrx_word' id='word_1_162' title='bbox 159 2998 318 3090; x_wconf 88' lang='lat' dir='ltr'><strong>aequalia</strong></span> <span class='ocrx_word' id='word_1_163' title='bbox 345 3000 459 3092; x_wconf 84' lang='grc'>(161)</span> <span class='ocrx_word' id='word_1_164' title='bbox 479 2999 596 3092; x_wconf 84' lang='lat' dir='ltr'><strong>Leges</strong></span> <span class='ocrx_word' id='word_1_165' title='bbox 614 3021 685 3070; x_wconf 94' lang='lat' dir='ltr'><strong>uno</strong></span> <span class='ocrx_word' id='word_1_166' title='bbox 700 3000 879 3075; x_wconf 72' lang='lat' dir='ltr'><strong>‘vocabulo</strong></span> <span class='ocrx_word' id='word_1_167' title='bbox 909 3003 1184 3095; x_wconf 85' lang='lat' dir='ltr'><strong>Praerogativas</strong></span> <span class='ocrx_word' id='word_1_168' title='bbox 1214 2998 1351 3088; x_wconf 86' lang='lat' dir='ltr'><strong>dixere,</strong></span> 
     </span>
     <span class='ocr_line' id='line_1_27' title="bbox 159 3099 1356 3198; baseline 0 -30"><span class='ocrx_word' id='word_1_169' title='bbox 159 3107 196 3169; x_wconf 92' lang='grc'><strong>11</strong></span> <span class='ocrx_word' id='word_1_170' title='bbox 215 3120 261 3170; x_wconf 86' lang='lat' dir='ltr'><strong>ex</strong></span> <span class='ocrx_word' id='word_1_171' title='bbox 278 3099 332 3172; x_wconf 92' lang='lat' dir='ltr'><strong>his</strong></span> <span class='ocrx_word' id='word_1_172' title='bbox 352 3101 548 3172; x_wconf 88' lang='lat' dir='ltr'><strong>cardinales</strong></span> <span class='ocrx_word' id='word_1_173' title='bbox 574 3103 705 3196; x_wconf 88' lang='lat' dir='ltr'><strong>passim</strong></span> <span class='ocrx_word' id='word_1_174' title='bbox 723 3104 771 3173; x_wconf 92' lang='lat' dir='ltr'><strong>ita</strong></span> <span class='ocrx_word' id='word_1_175' title='bbox 790 3103 914 3194; x_wconf 89' lang='lat' dir='ltr'><strong>dictas,</strong></span> <span class='ocrx_word' id='word_1_176' title='bbox 944 3103 1039 3198; x_wconf 84' lang='lat' dir='ltr'><strong>qnod</strong></span> <span class='ocrx_word' id='word_1_177' title='bbox 1066 3105 1103 3173; x_wconf 93' lang='lat' dir='ltr'><strong>in</strong></span> <span class='ocrx_word' id='word_1_178' title='bbox 1129 3103 1173 3172; x_wconf 90' lang='lat' dir='ltr'><strong>iis</strong></span> <span class='ocrx_word' id='word_1_179' title='bbox 1193 3099 1356 3193; x_wconf 85' lang='lat' dir='ltr'><strong>reliquae</strong></span> 
     </span>
     <span class='ocr_line' id='line_1_28' title="bbox 160 3201 1359 3294; baseline -0.001 -25"><span class='ocrx_word' id='word_1_180' title='bbox 160 3202 260 3293; x_wconf 84' lang='lat' dir='ltr'><strong>quasi</strong></span> <span class='ocrx_word' id='word_1_181' title='bbox 278 3203 315 3270; x_wconf 91' lang='lat' dir='ltr'><strong>in</strong></span> <span class='ocrx_word' id='word_1_182' title='bbox 333 3201 475 3271; x_wconf 90' lang='lat' dir='ltr'><strong>cardine</strong></span> <span class='ocrx_word' id='word_1_183' title='bbox 504 3205 755 3292; x_wconf 87' lang='lat' dir='ltr'><strong>consisterent,</strong></span> <span class='ocrx_word' id='word_1_184' title='bbox 782 3203 1001 3278; x_wconf 78' lang='lat' dir='ltr'><strong>Verbdcuins</strong></span> <span class='ocrx_word' id='word_1_185' title='bbox 1030 3202 1074 3275; x_wconf 89' lang='lat' dir='ltr'><strong>ad</strong></span> <span class='ocrx_word' id='word_1_186' title='bbox 1103 3221 1234 3274; x_wconf 89' lang='lat' dir='ltr'><strong>summa</strong></span> <span class='ocrx_word' id='word_1_187' title='bbox 1266 3222 1359 3294; x_wconf 89' lang='lat' dir='ltr'><strong>qua-</strong></span> 
     </span>
    </p>
   </div>
   <div class='ocr_carea' id='block_1_8' title="bbox 159 3295 1477 3499">
    <p class='ocr_par' dir='ltr' id='par_1_10' title="bbox 159 3295 1477 3499">
     <span class='ocr_line' id='line_1_29' title="bbox 159 3295 1477 3399; baseline -0.001 -28"><span class='ocrx_word' id='word_1_188' title='bbox 159 3311 240 3371; x_wconf 92' lang='lat' dir='ltr'><strong>tuor</strong></span> <span class='ocrx_word' id='word_1_189' title='bbox 267 3295 407 3370; x_wconf 83' lang='lat' dir='ltr'><strong>reduxit</strong></span> <span class='ocrx_word' id='word_1_190' title='bbox 437 3298 485 3388; x_wconf 81' lang='lat'><strong>¹³),</strong></span> <span class='ocrx_word' id='word_1_191' title='bbox 512 3306 629 3397; x_wconf 88' lang='lat' dir='ltr'><strong>aitque</strong></span> <span class='ocrx_word' id='word_1_192' title='bbox 659 3325 736 3374; x_wconf 90' lang='lat' dir='ltr'><strong>curn</strong></span> <span class='ocrx_word' id='word_1_193' title='bbox 766 3305 953 3399; x_wconf 85' lang='lat' dir='ltr'><strong>pluribus,</strong></span> <span class='ocrx_word' id='word_1_194' title='bbox 981 3327 1043 3378; x_wconf 89' lang='lat' dir='ltr'><strong>eas</strong></span> <span class='ocrx_word' id='word_1_195' title='bbox 1072 3327 1091 3376; x_wconf 94' lang='lat' dir='ltr'><strong>a</strong></span> <span class='ocrx_word' id='word_1_196' title='bbox 1120 3302 1155 3378; x_wconf 85' lang='lat' dir='ltr'><strong>S.</strong></span> <span class='ocrx_word' id='word_1_197' title='bbox 1176 3301 1357 3398; x_wconf 84' lang='lat' dir='ltr'><strong>Stephano</strong></span> <span class='ocrx_word' id='word_1_198' title='bbox 1475 3338 1477 3342; x_wconf 95' lang='lat'>·</span> 
     </span>
     <span class='ocr_line' id='line_1_30' title="bbox 161 3400 1473 3499; baseline 0.002 -29"><span class='ocrx_word' id='word_1_199' title='bbox 161 3400 355 3474; x_wconf 86' lang='lat' dir='ltr'><strong>concessas</strong></span> <span class='ocrx_word' id='word_1_200' title='bbox 373 3401 532 3493; x_wconf 92' lang='lat' dir='ltr'><strong>primum,</strong></span> <span class='ocrx_word' id='word_1_201' title='bbox 566 3413 693 3495; x_wconf 90' lang='lat' dir='ltr'><strong>postea</strong></span> <span class='ocrx_word' id='word_1_202' title='bbox 713 3403 755 3474; x_wconf 90' lang='lat' dir='ltr'><strong>ab</strong></span> <span class='ocrx_word' id='word_1_203' title='bbox 774 3405 918 3498; x_wconf 88' lang='lat' dir='ltr'><strong>Andrea</strong></span> <span class='ocrx_word' id='word_1_204' title='bbox 931 3405 986 3477; x_wconf 87' lang='lat' dir='ltr'><strong>ll.</strong></span> <span class='ocrx_word' id='word_1_205' title='bbox 1014 3429 1080 3499; x_wconf 88' lang='lat' dir='ltr'><strong>per</strong></span> <span class='ocrx_word' id='word_1_206' title='bbox 1097 3406 1253 3476; x_wconf 89' lang='lat' dir='ltr'><strong>Auream</strong></span> <span class='ocrx_word' id='word_1_207' title='bbox 1269 3403 1359 3473; x_wconf 92' lang='lat' dir='ltr'><strong>Bul·</strong></span> <span class='ocrx_word' id='word_1_208' title='bbox 1471 3423 1473 3428; x_wconf 90' lang='lat'>·</span> 
     </span>
    </p>
   </div>
   <div class='ocr_carea' id='block_1_9' title="bbox 160 3499 1360 3902">
    <p class='ocr_par' dir='ltr' id='par_1_11' title="bbox 160 3499 1360 3902">
     <span class='ocr_line' id='line_1_31' title="bbox 160 3499 1359 3599; baseline -0.002 -26"><span class='ocrx_word' id='word_1_209' title='bbox 160 3503 229 3573; x_wconf 83' lang='lat' dir='ltr'><strong>lana</strong></span> <span class='ocrx_word' id='word_1_210' title='bbox 247 3505 372 3596; x_wconf 82' lang='lat' dir='ltr'><strong>partina</strong></span> <span class='ocrx_word' id='word_1_211' title='bbox 391 3499 628 3590; x_wconf 87' lang='lat' dir='ltr'><strong>confirmatas,</strong></span> <span class='ocrx_word' id='word_1_212' title='bbox 656 3506 781 3595; x_wconf 90' lang='lat' dir='ltr'><strong>partim</strong></span> <span class='ocrx_word' id='word_1_213' title='bbox 803 3507 1013 3599; x_wconf 86' lang='lat' dir='ltr'><strong>explicatius</strong></span> <span class='ocrx_word' id='word_1_214' title='bbox 1026 3503 1359 3590; x_wconf 86' lang='lat' dir='ltr'><strong>declaratasfuisse,</strong></span> 
     </span>
     <span class='ocr_line' id='line_1_32' title="bbox 161 3601 1360 3700; baseline -0.003 -26"><span class='ocrx_word' id='word_1_215' title='bbox 161 3602 256 3697; x_wconf 89' lang='lat' dir='ltr'><strong>quod</strong></span> <span class='ocrx_word' id='word_1_216' title='bbox 274 3615 390 3676; x_wconf 89' lang='lat' dir='ltr'><strong>tamen</strong></span> <span class='ocrx_word' id='word_1_217' title='bbox 410 3601 629 3676; x_wconf 88' lang='lat' dir='ltr'><strong>obstantibus</strong></span> <span class='ocrx_word' id='word_1_218' title='bbox 648 3604 730 3692; x_wconf 87' lang='lat' dir='ltr'><strong>illis,</strong></span> <span class='ocrx_word' id='word_1_219' title='bbox 759 3625 849 3698; x_wconf 90' lang='lat' dir='ltr'><strong>quae</strong></span> <span class='ocrx_word' id='word_1_220' title='bbox 866 3627 933 3700; x_wconf 92' lang='lat' dir='ltr'><strong>per</strong></span> <span class='ocrx_word' id='word_1_221' title='bbox 950 3603 1053 3697; x_wconf 88' lang='lat' dir='ltr'><strong>hujus</strong></span> <span class='ocrx_word' id='word_1_222' title='bbox 1073 3606 1193 3698; x_wconf 88' lang='lat' dir='ltr'><strong>operis</strong></span> <span class='ocrx_word' id='word_1_223' title='bbox 1227 3602 1360 3673; x_wconf 89' lang='lat' dir='ltr'><strong>decur-</strong></span> 
     </span>
     <span class='ocr_line' id='line_1_33' title="bbox 162 3703 1359 3798; baseline -0.003 -23"><span class='ocrx_word' id='word_1_224' title='bbox 162 3723 238 3775; x_wconf 86' lang='lat' dir='ltr'><strong>sum</strong></span> <span class='ocrx_word' id='word_1_225' title='bbox 272 3704 374 3777; x_wconf 90' lang='lat' dir='ltr'><strong>nobis</strong></span> <span class='ocrx_word' id='word_1_226' title='bbox 401 3707 462 3778; x_wconf 85' lang='lat' dir='ltr'><strong>vel</strong></span> <span class='ocrx_word' id='word_1_227' title='bbox 489 3704 659 3778; x_wconf 76' lang='lat' dir='ltr'><strong>hacteuus</strong></span> <span class='ocrx_word' id='word_1_228' title='bbox 694 3703 799 3778; x_wconf 86' lang='lat' dir='ltr'><strong>obvia</strong></span> <span class='ocrx_word' id='word_1_229' title='bbox 827 3705 992 3798; x_wconf 89' lang='lat' dir='ltr'><strong>fuerunt,</strong></span> <span class='ocrx_word' id='word_1_230' title='bbox 1040 3705 1129 3778; x_wconf 91' lang='lat' dir='ltr'><strong>adeo</strong></span> <span class='ocrx_word' id='word_1_231' title='bbox 1160 3705 1359 3798; x_wconf 86' lang='lat' dir='ltr'><strong>generatim</strong></span> 
     </span>
     <span class='ocr_line' id='line_1_34' title="bbox 162 3805 558 3902; baseline -0.005 -24"><span class='ocrx_word' id='word_1_232' title='bbox 162 3805 330 3879; x_wconf 85' lang='lat' dir='ltr'><strong>sustineri</strong></span> <span class='ocrx_word' id='word_1_233' title='bbox 346 3808 410 3879; x_wconf 83' lang='lat' dir='ltr'><strong>vix</strong></span> <span class='ocrx_word' id='word_1_234' title='bbox 426 3815 558 3902; x_wconf 87' lang='lat' dir='ltr'><strong>potest.</strong></span> 
     </span>
    </p>
   </div>
   <div class='ocr_carea' id='block_1_10' title="bbox 686 3957 838 4041">
    <p class='ocr_par' dir='ltr' id='par_1_12' title="bbox 686 3957 838 4041">
     <span class='ocr_line' id='line_1_35' title="bbox 686 3957 838 4041; baseline -0.086 0"><span class='ocrx_word' id='word_1_235' title='bbox 686 3957 723 4041; x_wconf 87' lang='lat'><strong>§·</strong></span> <span class='ocrx_word' id='word_1_236' title='bbox 756 3959 838 4033; x_wconf 88' lang='grc'>169.</span> 
     </span>
    </p>
   </div>
   <div class='ocr_carea' id='block_1_11' title="bbox 229 4081 1361 4303">
    <p class='ocr_par' dir='ltr' id='par_1_13' title="bbox 229 4081 1361 4303">
     <span class='ocr_line' id='line_1_36' title="bbox 229 4081 973 4170; baseline -0.011 -8"><span class='ocrx_word' id='word_1_237' title='bbox 229 4157 231 4162; x_wconf 91' lang='grc'>.</span> <span class='ocrx_word' id='word_1_238' title='bbox 572 4081 636 4154; x_wconf 75' lang='lat' dir='ltr'><strong>Eu</strong></span> <span class='ocrx_word' id='word_1_239' title='bbox 662 4083 722 4170; x_wconf 74' lang='grc'>1111</span> <span class='ocrx_word' id='word_1_240' title='bbox 748 4081 928 4156; x_wconf 76' lang='lat' dir='ltr'><strong>cordtbul</strong></span> <span class='ocrx_word' id='word_1_241' title='bbox 966 4137 973 4154; x_wconf 92' lang='lat'><strong>.</strong></span> 
     </span>
     <span class='ocr_line' id='line_1_37' title="bbox 267 4200 1361 4303; baseline 0 -27"><span class='ocrx_word' id='word_1_242' title='bbox 267 4201 501 4276; x_wconf 79' lang='lat' dir='ltr'><strong>Oardiuulium</strong></span> <span class='ocrx_word' id='word_1_243' title='bbox 519 4201 850 4298; x_wconf 78' lang='lat' dir='ltr'><strong>Praerogativamm</strong></span> <span class='ocrx_word' id='word_1_244' title='bbox 868 4209 994 4303; x_wconf 86' lang='lat' dir='ltr'><strong>prima,</strong></span> <span class='ocrx_word' id='word_1_245' title='bbox 1013 4215 1049 4277; x_wconf 90' lang='lat' dir='ltr'><strong>et</strong></span> <span class='ocrx_word' id='word_1_246' title='bbox 1068 4205 1179 4278; x_wconf 92' lang='lat' dir='ltr'><strong>altera</strong></span> <span class='ocrx_word' id='word_1_247' title='bbox 1198 4200 1361 4277; x_wconf 53' lang='grc'>1111114</span> 
     </span>
    </p>
   </div>
   <div class='ocr_carea' id='block_1_12' title="bbox 157 4323 374 4342">
    <p class='ocr_par' dir='ltr' id='par_1_14' title="bbox 157 4323 374 4342">
     <span class='ocr_line' id='line_1_38' title="bbox 157 4323 374 4342; baseline -0.023 0"><span class='ocrx_word' id='word_1_248' title='bbox 157 4323 374 4342; x_wconf 51' lang='lat' dir='ltr'><strong><em>m</em></strong></span> 
     </span>
    </p>
   </div>
   <div class='ocr_carea' id='block_1_13' title="bbox 194 4372 722 4507">
    <p class='ocr_par' dir='ltr' id='par_1_15' title="bbox 194 4372 722 4507">
     <span class='ocr_line' id='line_1_39' title="bbox 195 4372 722 4444; baseline 0.013 -21"><span class='ocrx_word' id='word_1_249' title='bbox 195 4372 381 4435; x_wconf 73' lang='lat'><strong>⁸)1687.26.</strong></span> <span class='ocrx_word' id='word_1_250' title='bbox 400 4381 430 4430; x_wconf 86' lang='lat' dir='ltr'><strong>et</strong></span> <span class='ocrx_word' id='word_1_251' title='bbox 449 4377 509 4431; x_wconf 81' lang='lat' dir='ltr'><strong>aliia</strong></span> <span class='ocrx_word' id='word_1_252' title='bbox 528 4377 722 4444; x_wconf 76' lang='lat' dir='ltr'><strong>compluribus.</strong></span> 
     </span>
     <span class='ocr_line' id='line_1_40' title="bbox 194 4441 409 4507; baseline 0.014 -8"><span class='ocrx_word' id='word_1_253' title='bbox 194 4441 223 4507; x_wconf 74' lang='lat' dir='ltr'><strong>b)</strong></span> <span class='ocrx_word' id='word_1_254' title='bbox 241 4445 272 4501; x_wconf 80' lang='grc' dir='ltr'><strong>Ρ.</strong></span> <span class='ocrx_word' id='word_1_255' title='bbox 290 4445 311 4502; x_wconf 82' lang='lat' dir='ltr'><strong>l.</strong></span> <span class='ocrx_word' id='word_1_256' title='bbox 331 4448 364 4500; x_wconf 78' lang='lat' dir='ltr'><strong>tt.</strong></span> <span class='ocrx_word' id='word_1_257' title='bbox 382 4447 409 4502; x_wconf 76' lang='lat'><strong>9.</strong></span> 
     </span>
    </p>
   </div>
   <div class='ocr_carea' id='block_1_14' title="bbox 1146 4462 1284 4588">
    <p class='ocr_par' dir='ltr' id='par_1_16' title="bbox 1146 4462 1284 4588">
     <span class='ocr_line' id='line_1_41' title="bbox 1146 4462 1284 4588; baseline 0 -120"><span class='ocrx_word' id='word_1_258' title='bbox 1146 4462 1284 4588; x_wconf 73' lang='lat' dir='ltr'><strong>o*</strong></span> 
     </span>
    </p>
   </div>
   <div class='ocr_carea' id='block_1_15' title="bbox 0 0 1599 4864">
    <p class='ocr_par' dir='ltr' id='par_1_17' title="bbox 0 0 1599 4864">
     <span class='ocr_line' id='line_1_42' title="bbox 0 0 1599 4864; baseline 0 0"><span class='ocrx_word' id='word_1_259' title='bbox 0 0 1599 4864; x_wconf 95' lang='lat' dir='ltr'><strong> </strong></span> 
     </span>
    </p>
   </div>
  </div>
 </body>
</html>
