3094 4868
197 207 270 281 188

107 419 114 432 ·
195 370 398 470 Scriptores
429 371 536 445 multo
562 371 635 463 jam
659 369 944 466 frequentiores,
978 368 1064 444 nihil
1093 391 1158 466 per
1187 366 1392 442 Nobilitatis

193 476 404 572 privilegia,
431 475 573 569 quodve
600 479 636 546 in
665 473 870 569 quibusdam
896 471 1058 568 publicae
1086 475 1140 543 rei
1169 469 1393 544 definiendae

195 578 351 673 partibus
370 581 404 648 in
423 580 702 649 communionem
719 579 853 665 veniat,
874 574 917 646 de
937 596 1082 666 summa,
1101 585 1138 646 ct
1155 575 1259 672 plena
1278 574 1391 668 Regis

193 678 383 774 blojestate
401 680 593 752 detractum
610 677 723 751 inisse
743 687 974 774 agnoverunt

711 888 750 974 §.
778 888 862 960 641.

675 1035 756 1110 Sed
782 1058 894 1129 puro.

297 1185 429 1259 Horum
448 1189 646 1259 sententiae
667 1189 809 1260 omnino
828 1184 1095 1258 adsentiendum
1110 1184 1255 1275 judico,
1284 1205 1390 1278 quum

195 1299 460 1388 procomperto
488 1289 558 1378 jam
585 1288 796 1377 babeamus,
823 1289 960 1381 Regem
983 1286 1186 1379 Hungarlae
1205 1285 1386 1380 quibusvis

193 1392 442 1488 potentialibus
469 1391 610 1487 Imperii
636 1391 793 1486 partibus
821 1401 858 1462 ct
885 1400 988 1462 antea
1017 1387 1130 1462 fuisse
1147 1394 1322 1480 gavisum,
1349 1399 1386 1461 et

192 1499 325 1566 nostris
351 1493 566 1589 temporibus
594 1494 732 1588 pollere
759 1494 867 1566 adeo:
896 1505 934 1564 ut
961 1494 1075 1564 omnis
1104 1491 1220 1563 civilis
1245 1490 1386 1585 Imperii

191 1595 382 1686 Maiestas,
422 1600 604 1689 omnisque
632 1595 812 1691 plenitudo
841 1597 1027 1690 potestatis
1062 1598 1098 1665 in
1124 1617 1192 1665 una
1218 1592 1385 1685 Ejusdem

105 1777 111 1789 ‚
191 1698 349 1770 Persona
375 1698 551 1784 resideat,
587 1683 681 1791 quod
708 1721 821 1788 genus
846 1698 993 1791 -lmperii
1019 1700 1162 1768 mixtam
1190 1694 1384 1789 Regiminis

191 1799 339 1871 formam
358 1809 481 1894 suapte
499 1798 665 1870 excludit.
694 1798 844 1891 Largior
867 1801 1006 1870 interim
1022 1837 1074 1850 -
1092 1820 1160 1870 nec
1184 1800 1315 1871 invitus
1333 1835 1384 1850 --

193 1901 272 1972 dum
290 1904 433 1972 natione
451 1904 486 1970 in
504 1898 615 1971 tribus
642 1900 777 1989 divisa,
805 1923 924 1972 aarum
951 1899 1129 1993 quaelibet
1147 1903 1299 1972 seorsim
1317 1921 1382 1972 suo

192 2001 387 2098 Gepitaneo
423 2001 587 2091 suberat,
622 2002 765 2092 rudem,
801 2004 915 2098 qualis
945 2012 1016 2074 tum
1051 2001 1178 2086 inerit,
1205 2007 1383 2074 nascentis

190 2105 417 2178 Monarchiae
436 2104 583 2176 formam
600 2105 759 2178 nonnihil
778 2128 825 2176 ex
843 2105 921 2176 aliis
939 2126 1079 2198 quoque
1094 2103 1279 2176 admixtam
1294 2107 1385 2174 reti-

189 2230 276 2282 nere
294 2211 466 2302 potuisse.
495 2206 597 2294 Quod
613 2207 760 2302 reliquis
777 2207 936 2280 barbaris
955 2205 1132 2299 gentibue,
1152 2227 1242 2299 quae
1261 2206 1384 2298 Regna

187 2333 252 2407 per
277 2309 454 2404 Europam
480 2309 731 2399 condiderant,
760 2314 833 2382 suis
860 2313 896 2382 iu
923 2308 1123 2404 primordiis
1154 2313 1385 2402 caeteroquin

190 2411 361 2486 familiare
382 2419 458 2483 erat
488 2412 533 2501 ⁸).

486 2541 502 2576 s

712 2585 749 2671 §·
778 2585 864 2658 642.

188 2725 1381 2830 Nebiloffi'cs'ente'bucnonnullorumrecontrare'emerpumeutic.

291 2883 412 2979 ltaque
431 2905 503 2957 non
523 2879 750 2976 Contingium
768 2883 871 2954 nobis
890 2883 1110 2973 audiendum,
1129 2907 1201 2955 non
1218 2883 1384 2958 Lechne-

187 3008 264 3061 rum
282 3006 426 3060 censeo.
454 2984 634 3057 Falluntur
651 2985 715 3072 illi,
735 2984 873 3079 quando
892 2983 1029 3080 Regum
1049 2999 1251 3059 nostrorum
1267 2988 1384 3060 domi-

189 3091 285 3164 natui
304 3089 417 3161 simile
435 3091 471 3160 in
488 3089 661 3184 principio
690 3086 802 3160 luisse
821 3087 1029 3184 Imperium,
1058 3111 1100 3160 ac
1118 3111 1266 3185 prorsus
1287 3083 1406 3161 arbi-'

190 3197 333 3267 tracium
354 3189 739 3280 adstruun13ubiver0
759 3194 903 3263 mixtum
921 3201 1047 3288 postea
1061 3195 1282 3264 successisse
1302 3196 1386 3286 opi-

188 3307 329 3385 nantur,
349 3295 538 3388 opinionis,
566 3314 667 3387 quam
687 3302 767 3364 sunt
784 3293 956 3388 professi,
974 3297 1148 3366 rationem
1166 3289 1385 3389 probabilem

190 3398 364 3472 desidero.
393 3393 584 3468 Enimvero
603 3395 785 3467 libertates
803 3395 1019 3485 nobilitatis,
1048 3419 1151 3490 quam
1170 3394 1384 3490 Contingins

186 3501 376 3592 Privilegia
396 3499 574 3587 nominat,
602 3497 643 3568 ab
671 3497 815 3570 Andrea
847 3497 947 3591 Rege
978 3521 1049 3570 non
1077 3509 1146 3570 tam
1177 3519 1383 3588 concessas,

189 3625 290 3698 quam
316 3600 471 3673 redditas
501 3600 634 3689 fuisse,
673 3619 779 3694 supra
810 3611 991 3700 ostensum
1021 3611 1107 3672 erat.
1137 3602 1234 3688 Quae
1267 3610 1383 3673 autem

189 3709 278 3778 varii
297 3706 440 3797 generis
460 3725 478 3773 a
497 3701 653 3794 Regibus
672 3702 959 3796 impetrabantur,
988 3713 1119 3776 tantum
1143 3703 1254 3793 abest,
1282 3715 1320 3775 ut
1340 3704 1385 3774 ad

188 3806 409 3879 minuendam
426 3803 536 3898 Regis
555 3803 777 3893 Majestatem
804 3807 927 3877 valera
946 3811 1103 3901 possint,
1130 3816 1168 3876 ut
1196 3829 1274 3877 eam
1293 3829 1384 3877 con-

55 3939 58 3944 ·
189 3909 327 3981 firment
344 3907 475 4001 potius,
496 3905 589 3998 quod
607 3906 736 3996 multis,
758 3906 951 4002 solidisque
964 3912 1180 4001 argumentis
1196 3907 1383 3998 firmarem,

186 4015 293 4086 sires
325 4007 607 4103 exploratissima
635 4007 844 4103 probatione
880 4010 1065 4104 indigeret.
1095 4009 1265 4106 Nuspiam
1292 4033 1384 4105 pro-

185 4113 279 4186 iecto
298 4111 419 4204 Reges
437 4113 549 4182 nostri
569 4110 789 4204 frequentius
808 4112 1060 4220 plenitudinem
1077 4119 1264 4208 potestatis
1279 4136 1388 4194 ccm-¹

192 4263 392 4276 ffl—

214 4321 238 4385 Ι)
258 4319 327 4372 Vlds
344 4322 434 4370 Huius
451 4319 573 4370 Histoire
592 4321 799 4387 d'Angieterra,
818 4330 847 4374 et
865 4323 1005 4375 Robinson
1017 4322 1089 4378 illst.
1107 4325 1256 4391 d'lioosu3
1275 4317 1380 4391 blltdcel

265 4385 327 4455 Sec.
344 4385 462 4458 &quot
481 4384 606 4456 &tibtote
624 4391 664 4444 tet
678 4387 806 4472 beatique
825 4395 948 4460 aliosque
966 4395 1144 4450 recentiores.
