3138 4858
227 305 277 379 68

270 492 310 579 ¹⁶)
335 491 491 566 Quantum
514 488 595 553 enim
627 507 698 553 esse
727 489 907 570 potabimus
931 521 971 532 -
1004 505 1120 568 quaero
1148 507 1217 552 eum
1245 485 1361 550 Seneca
1384 519 1426 531 -

317 578 491 642 omnium
526 594 693 639 somnos
722 592 794 638 sua
823 572 1073 652 vigilantia,
1103 574 1275 638 omniun
1299 571 1427 634 otium

318 683 390 724 suo
413 661 572 736 laborm
595 661 768 724 omnium
792 657 975 720 delicias
999 677 1070 720 sua
1093 658 1326 734 industria,
1348 677 1428 720 eru·-

316 747 424 808 nium
448 748 701 810 vacationem
726 765 797 809 sua
827 743 1102 822 occupatione
1132 744 1369 818 defendere,
1393 751 1429 805 ut

317 850 390 894 vere
424 832 539 894 dixerit
572 832 748 896 Salustius:
798 829 969 892 maximo
1002 829 1185 911 Imperio
1219 830 1426 892 maximam

314 935 450 979 curare
473 917 623 981 inesse.

676 1097 837 1183 ceput
858 1094 974 1164 vn.

528 1225 584 1311 ite
609 1231 838 1335 potestate
859 1225 1118 1336 juditiaria.

740 1384 793 1470 ‹§.
823 1385 908 1457 429.
1025 1401 1027 1410 ’

405 1519 410 1539 ’
493 1530 595 1601 Oura
621 1531 948 1604 admimbtrondoe
972 1535 1157 1603 Iustitiae.

329 1672 554 1744 iudiciariam
572 1683 799 1766 potestatem,
828 1677 928 1764 cujus
957 1675 1020 1748 sub
1047 1673 1173 1765 aegide
1196 1676 1279 1749 lites
1299 1676 1427 1766 singu-

225 1778 333 1864 lareS,
361 1779 397 1844 in
417 1777 589 1846 societate
610 1773 706 1846 civili
727 1783 951 1862 occurentes,
981 1774 1198 1865 dirimuntur,
1231 1784 1336 1867 atque
1357 1773 1426 1844 de-

228 1877 405 1963 iiniuntur,
432 1896 497 1970 pro
519 1877 729 1948 executivae
764 1877 951 1967 potestatis
981 1886 1082 1968 parte
1101 1875 1181 1948 dum
1207 1875 1357 1968 plurium
1390 1878 1426 1945 in

227 1979 409 2049 consortio
441 1977 474 2065 ⁸)
502 1997 557 2046 mc
588 1980 756 2050 statuisse
774 1976 949 2049 recordor
968 1978 1082 2068 (320)
1110 1977 1328 2070 eandemque
1357 1975 1428 2046 boe

227 2084 307 2174 ipso
325 2076 417 2168 Regi
435 2077 636 2170 Hungariae
654 2081 832 2172 'propriam
860 2099 955 2167 essa,
1001 2078 1079 2150 aliis
1103 2078 1224 2153 verbis
1254 2100 1274 2148 c
1303 2080 1427 2172 spiritu

228 2181 491 2254 constitutionis
510 2190 655 2251 nostrae
674 2182 916 2276 pronunciavi.
963 2179 1052 2251 Nam
1074 2183 1105 2252 si
1135 2201 1303 2253 summum
1321 2180 1427 2250 Prin·-

228 2285 343 2375 oipcm
363 2284 573 2352 executivae
592 2282 793 2374 potestatis,
814 2285 998 2376 omnisque
1012 2279 1273 2354 iurisdictionis
1292 2282 1427 2353 iontem

229 2405 271 2454 ao
290 2402 491 2479 supremum
509 2391 687 2452 rectorem
715 2381 999 2474 correspondens
1029 2381 1196 2472 obligatio
1224 2393 1354 2470 manet,
1388 2389 1428 2452 ut

229 2485 332 2576 leges
361 2483 477 2574 Regni
507 2491 578 2552 tum
605 2485 684 2574 ipse
722 2481 904 2570 observet,
940 2493 1011 2555 tum
1039 2502 1104 2576 per
1122 2481 1211 2554 aiios
1241 2484 1427 2558 observari

229 2584 357 2672 iaciat,
384 2583 427 2655 Ei
453 2581 615 2654 absoluta
635 2584 740 2654 etiam
766 2582 951 2672 incumbit,
978 2582 1153 2677 publicae,
1182 2587 1426 2677 privataeque,

228 2689 330 2774 eujus
360 2705 467 2756 causa
493 2683 575 2754 illae
613 2683 838 2777 conduntur,
876 2688 1058 2756 securitati
1084 2683 1294 2776 invigilare,
1322 2695 1426 2778 atque

230 2806 469 2881 praecavere,
496 2804 542 2856 ne
567 2788 645 2858 sive
672 2783 807 2860 Civitas
834 2787 871 2854 in
897 2795 1085 2873 concreto,
1124 2803 1189 2856 seu
1226 2786 1427 2879 singillatim

229 2886 321 2958 ullus
340 2886 497 2978 elegum
525 2889 813 2975 transgressione
843 2888 880 2954 in
907 2885 1014 2958 rebus
1041 2889 1137 2974 suis,
1172 2885 1233 2958 vel
1260 2906 1426 2981 persona,

228 2985 472 3058 detrimentum
492 2985 677 3082 quodpiam
697 2988 853 3080 experiri
872 2999 1029 3078 cogatur.
1059 2985 1133 3057 Hae
1153 2984 1196 3057 de
1222 3009 1328 3062 eausa
1348 3008 1427 3057 om-

229 3088 345 3178 nibus,
374 3097 410 3159 et
429 3087 592 3181 singulis,
619 3108 703 3159 casu
723 3097 941 3178 emergente,
960 3091 1032 3176 via,
1052 3086 1228 3181 modoque
1246 3087 1354 3181 legali
1367 3089 1426 3176 jus

228 3189 356 3278 reddit,
380 3190 645 3282 justitiamque;
673 3191 839 3283 sineque
859 3210 986 3282 magna
1004 3186 1168 3284 imperia,
1190 3209 1316 3286 magna
1335 3208 1427 3261 eva-

231 3289 317 3361 dunt
334 3291 531 3362 latrocinia.
1261 3301 1263 3306 ·

756 3488 793 3575 §.
822 3491 908 3563 430.

385 3637 601 3712 Iudiciaria
628 3657 711 3710 cum
736 3639 928 3711 Poteetote
952 3641 1093 3731 Regem
1117 3645 1279 3732 respicit.
1323 3719 1326 3724 ,

142 3857 144 3860 ,
332 3783 523 3878 Supremos
554 3788 661 3876 igitur
680 3806 864 3856 causarum
892 3795 961 3856 tam
981 3787 1155 3876 civilium,
1176 3808 1277 3880 mam
1306 3787 1428 3858 crimi-

230 3885 499 3976 naliumduden,
511 3888 548 3956 in
566 3908 668 3979 quem
688 3887 826 3959 scilieet
842 3925 894 3940 -
908 3897 1075 3960 monente
1094 3885 1294 3960 Verbdoaio
1324 3886 1359 3977 l')
1378 3925 1430 3942 -«

232 3991 375 4062 omnis
411 3992 679 4084 potestatis
711 3988 1012 4064 iudiciariae
1053 3989 1258 4063 facultas
1294 3990 1429 4071 simui

261 4199 289 4266 ⁸)
307 4204 421 4260 Martini
440 4208 470 4258 in
485 4207 572 4258 Ponit.
591 4207 626 4257 de
644 4207 712 4258 dura
731 4209 813 4259 civit.
831 4205 1002 4260 Zachariaae
1020 4201 1095 4258 Ueien
1116 4205 1291 4276 iietbffltbtttttq
1310 4218 1353 4273 put
1368 4202 1429 4268 Quia

309 4271 471 4344 redtiettung
497 4277 520 4329 t.
539 4273 619 4340 derit.
647 4276 688 4330 bei
713 4273 876 4342 dictatione
900 4269 1057 4340 ibeittaten.
1084 4273 1221 4346 aetbelberg
1248 4279 1324 4330 18¹7.
1351 4277 1383 4328 Τ.
1403 4277 1430 4330 2.

309 4359 335 4406 p·
354 4347 415 4398 212.
435 4353 539 4410 etseq.
558 4375 591 4384 -
610 4345 700 4397 Potite
720 4361 763 4412 op.
782 4348 828 4398 cit.
846 4345 877 4396 P.
891 4345 913 4397 1.
932 4357 959 4410 p.
977 4347 1003 4397 1.
1021 4344 1081 4399 288.
1101 4354 1129 4399 ct
1147 4360 1206 4413 aeq.
1224 4345 1330 4413 etiiqaet

263 4419 292 4484 1ν)
310 4429 401 4494 saepe
419 4427 464 4483 cit.
483 4429 514 4482 P.
533 4430 566 4484 ii.
585 4432 616 4484 ii.
634 4429 662 4482 8.
