3138 4858
203 161 252 232 72

199 321 395 400 indictione
415 327 600 402 deterrens
620 327 698 400 aliis
718 326 916 421 exemplum
933 325 1173 425 praebendum
1192 325 1253 401 sit:
1274 326 1398 398 snmnd

202 428 377 525 Principis
397 438 477 519 est,
504 427 742 500 iudicium
769 426 1033 504 Statariam
1060 428 1104 501 ad
1129 449 1230 502 usum
1248 449 1399 522 ponere,

200 533 417 654 promulgari
456 530 601 621 lacere,
637 531 671 601 ei
699 528 858 619 modum,
895 555 938 603 ac
965 532 1112 606 formam
1140 528 1398 650 praescribere,

202 635 382 706 criminum
401 635 542 726 species
573 631 769 723 subjicere,
797 654 839 702 ao
858 645 1024 707 cessante
1054 633 1214 722 ejusdem
1232 634 1400 705 necessi-

201 746 295 824 tate,
329 737 406 807 sine
434 757 501 829 qua
532 736 761 830 caeteroquin
796 732 915 808 locum
950 757 1125 832 nunquam
1160 733 1287 825 habet,
1314 733 1400 806 illud

201 839 328 971 iterum
347 837 589 992 exstingvere.

723 1007 760 1096 §.
788 1010 875 1082 440.

527 1159 579 1232 Et
598 1157 769 1229 Gratiam
785 1159 875 1232 Reos
892 1159 1074 1254 faciendi.

309 1303 561 1392 Quaestionem
598 1313 715 1376 aetate
753 1309 947 1381 recentiori
986 1311 1080 1379 inter
1120 1307 1401 1398 iurisconsultos

208 1417 391 1500 utramque
409 1410 445 1477 in
463 1417 599 1502 partem
616 1405 904 1502 frequentissime
930 1410 1156 1483 ventilatam:
1186 1413 1277 1483 sitne
1295 1411 1402 1481 Prin-

209 1512 279 1606 eipi
295 1513 471 1600 integrum
505 1507 717 1581 facinorosis
748 1509 792 1580 ad
816 1533 967 1604 poenam
996 1515 1119 1583 mortis
1148 1509 1401 1604 condemnatis,

208 1615 304 1684 vitae
323 1613 472 1703 gratiam
498 1611 698 1702 impertiri?
724 1611 791 1681 Pro
818 1612 919 1702 Rege
947 1611 1147 1702 Hungariae
1175 1612 1277 1702 leges
1296 1617 1403 1706 posi-

208 1715 304 1786 tivae
335 1712 387 1802 ⁸),
416 1713 688 1803 continuumque
709 1712 940 1798 exercitium,
968 1710 1064 1780 nullo
1084 1711 1310 1782 Monarchiae
1329 1735 1402 1784 no-

210 1822 305 1886 strae
345 1833 437 1884 aevo
468 1810 670 1898 dimissum,
710 1816 833 1902 aperte
864 1809 1038 1881 decidunt.
1078 1809 1164 1881 lure
1192 1813 1299 1902 igitur
1335 1835 1400 1884 suo

209 1914 302 1987 istud
329 1911 602 2007 prosequendo,
639 1909 837 2007 capitalium
865 1911 1125 1985 Sententiarum
1154 1914 1403 1984 executionem

210 2013 415 2109 suspendit,
443 2024 482 2086 ut
505 2012 664 2100 libratis,
693 2034 783 2108 quae
812 2013 856 2084 ad
880 2018 1029 2106 gratiam
1057 2013 1318 2086 concedendam
1342 2015 1403 2085 le-

210 2121 322 2205 ciunt,
349 2118 514 2204 motivis,
540 2117 602 2189 vel
628 2113 719 2185 hano
747 2117 988 2210 impertiatur,
1014 2116 1084 2188 uel
1122 2119 1333 2189 sententiam
1367 2121 1403 2188 in

209 2218 371 2290 ellectum
402 2216 499 2289 abire
519 2219 621 2289 sinat.
650 2214 775 2310 Neque
794 2222 886 2295 enim
901 2219 1018 2308 justus
1038 2217 1218 2313 imperans
1239 2239 1286 2288 ex
1303 2239 1403 2291 mero

207 2314 312 2391 isthic
331 2318 475 2389 arbitrio
506 2316 692 2412 procedit,
718 2339 844 2389 verum
864 2339 1006 2414 semper
1033 2339 1053 2386 e
1073 2318 1142 2388 fine
1162 2321 1339 2407 eivitatis3
1367 2330 1404 2390 et

211 2421 255 2492 ad
280 2418 511 2514 supplendam
537 2418 774 2509 legislationis
804 2419 918 2491 civilis
947 2417 1276 2514 imperfectionem,
1314 2442 1403 2514 quae

210 2527 247 2594 in
265 2521 371 2594 rebus
403 2519 562 2592 humanis
590 2520 718 2591 evitari
745 2524 866 2615 nequit
895 2520 942 2612 ¹³).
970 2522 1162 2614 Potestque
1193 2519 1237 2592 ob
1257 2522 1404 2593 eandem

210 2627 384 2697 rationem
410 2625 447 2694 in
477 2621 662 2694 sententiis
692 2624 823 2713 etiam,
851 2624 999 2718 capitis,
1034 2623 1296 2714 mulctationem
1314 2623 1406 2695 haud

214 2723 469 2814 statuentibus,
497 2723 660 2796 dictatam
678 2745 698 2796 a
716 2723 841 2798 Jndioe
860 2747 1013 2821 poenam
1031 2728 1204 2819 mitigare.

733 2928 770 3015 §.
798 2930 885 3002 441.

601 3075 648 3148 Ia
664 3097 706 3150 se
725 3077 1014 3172 comprehendat.

314 3221 410 3296 Nihil
427 3223 463 3296 in
482 3225 695 3298 eontrarium
713 3234 880 3300 moveant
899 3245 1108 3320 quemquam
1128 3227 1279 3317 articuli,
1300 3247 1407 3322 spar-

213 3329 278 3398 'sim
307 3326 471 3397 Decretis
496 3329 629 3397 nostris
661 3331 825 3420 expressi
856 3329 912 3417 ⁰),
949 3331 1008 3424 qui
1036 3350 1284 3423 nonnunquam
1313 3350 1407 3400 oon-

213 3431 400 3500 stitnerant
427 3427 487 3498 vel
512 3425 665 3520 relapsis
691 3429 727 3499 in
745 3437 888 3518 reatus,
914 3430 975 3500 vel
997 3429 1042 3500 ob
1072 3433 1226 3502 criminis
1247 3435 1408 3501 enormi-

213 3541 322 3602 tatem
340 3527 487 3618 gratiam
505 3526 598 3597 haud
616 3549 699 3599 esse
717 3529 955 3621 largiendam3
983 3553 1063 3602 nam
1082 3541 1332 3624 temporaneae
1352 3533 1407 3600 si-

213 3630 314 3702 miles
341 3629 570 3720 provisiones
598 3665 651 3680 -
677 3628 779 3721 Rege
808 3633 855 3702 ita
884 3630 1032 3704 volente
1059 3658 1112 3682 —-
1140 3633 1407 3703 ex·0ccasione
1461 3652 1465 3661 ·

214 3729 442 3822 singularium
460 3737 652 3800 eventuum
670 3729 809 3824 legibus
837 3733 952 3826 palam
982 3735 1216 3819 enunciatae,
1242 3731 1328 3821 Ejus
1348 3735 1408 3804 in-

215 3826 437 3925 disputabili,
465 3832 625 3923 nuspiam
644 3833 680 3902 in
699 3830 839 3904 dubium
857 3845 990 3906 vocato
1011 3831 1227 3926 adgratiandi
1246 3833 1322 3905 Juri
1340 3835 1408 3910 de-

210 3945 346 4025 rogare
367 3929 527 4001 absolute
546 3953 619 4002 non
636 3931 767 4006 ualent.

210 4075 415 4090 *ι-

242 4123 355 4179 ettae
376 4138 390 4176 e
410 4123 628 4188 pluribus1715.
648 4121 689 4176 te.
1355 4180 1356 4184 Ἰ

245 4209 273 4271 ¹³)
293 4209 371 4261 cnut.
389 4205 453 4272 zeto
456 4221 497 4270 aa
516 4207 627 4276 testudo
644 4205 701 4264 tter
720 4204 752 4261 oti
753 4208 868 4278 gentines
882 4195 1049 4279 *eausam
1068 4227 1094 4280 p
1113 4187 1173 4270 264.
1192 4221 1309 4340 etseq.

245 4292 369 4364 )1292,.
388 4296 485 4354 82·-
505 4297 582 4354 1262
600 4295 643 4358 22.
661 4295 792 4360 -1622
810 4297 855 4350 26.
