3138 4858
195 289 248 362 ὅθ

199 459 601 556 Propositiones,
640 463 677 527 et
712 453 975 529 Postulata
1023 451 1399 545 Regnicolarum

202 563 259 659 (ᾗ.
279 563 433 657 praec),
455 581 545 654 quae
574 560 603 630 si
633 580 680 629 ex
704 561 843 631 ratione
861 557 1021 632 vulneris
1039 555 1135 649 legi,
1165 566 1223 628 aut
1249 561 1398 653 privatis

200 669 305 735 etiam
332 661 473 733 Juribus
503 660 590 732 illati
618 658 866 755 proferantur,
893 664 930 730 in
959 661 1081 754 specie
1118 665 1400 752 gravamina

201 766 354 837 audiunt.
384 761 469 835 Cum
487 761 792 857 propositionibus
821 761 969 854 Regiis,
999 785 1019 831 a
1043 761 1145 853 Rege
1172 762 1252 856 ipso
1267 815 1277 852 ,
1292 765 1398 837 solio

200 862 444 954 circumfusis,
482 867 685 956 consignari
713 863 850 951 solitis,
878 863 1078 935 diaetalinm
1108 862 1400 938 deliberationum

200 968 335 1038 initium
363 965 439 1037 beri
469 974 683 1062 opportere,
710 963 792 1059 lege
821 967 962 1060 antiqua
992 967 1048 1054 ⁸),
1078 974 1114 1035 et
1140 970 1334 1039 recentiori
1364 967 1399 1058 r)

201 1070 373 1141 sancitum
390 1073 558 1162 reperio,
588 1065 689 1138 simul
708 1069 899 1138 occasione
929 1065 995 1137 hac
1014 1067 1108 1138 circa
1127 1066 1402 1159 Regnicolarum

201 1170 377 1242 desideria
405 1179 632 1265 praecantum
658 1165 828 1257 habetur,
855 1178 902 1239 ut
929 1166 1085 1240 debite
1121 1177 1401 1264 pertracta-

200 1266 910 1366 tisPropositionibusRegi-is,
943 1279 1114 1342 cuncta
1138 1272 1268 1361 justa
1289 1272 1401 1347 Gra-

198 1378 383 1447 vamina
420 1377 462 1445 in
501 1370 717 1466 qualibet
755 1374 922 1447 Diaeta
959 1374 1216 1468 inomisse,
1259 1387 1294 1449 et
1331 1373 1401 1446 el-

201 1475 382 1549 lective
411 1474 663 1548 tollantur.

709 1645 746 1728 §.
776 1647 863 1717 402.

478 1792 593 1864 Ratio
613 1787 858 1862 consultandi
872 1795 911 1862 iu
934 1791 1113 1863 Corneliis.

303 1940 533 2014 Inchoatione
564 1940 813 2031 negotiorum,
848 1941 958 2034 vulgo
989 1940 1163 2012 initiativa
1193 1937 1401 2010 diaetalibus

203 2049 340 2121 nunciis
376 2049 562 2115 etiamnum
598 2040 746 2128 relicta,
784 2043 983 2115 invaluerat
1012 2040 1222 2136 aliquando,
1263 2039 1402 2131 objecta

203 2151 369 2222 momenti
408 2148 613 2238 gravioris,
649 2152 837 2237 antequam
875 2149 1187 2240 pertractationem
1223 2146 1259 2213 in
1296 2141 1402 2235 pleno

204 2271 402 2344 congressu
429 2247 610 2333 subirent,
637 2248 674 2314 in
702 2249 755 2316 sic
786 2245 887 2317 dictis
913 2247 1054 2319 circulis
1083 2248 1231 2341 praevie
1259 2243 1403 2331 librare,

204 2365 308 2447 atque
336 2349 378 2420 ad
406 2351 560 2422 invicem
579 2345 801 2440 expendere3
830 2348 997 2421 Praeside
1028 2369 1155 2441 nempe
1175 2368 1253 2418 cum
1271 2345 1403 2417 Tabula

203 2453 317 2546 Regia
336 2449 507 2536 absente,
536 2447 703 2540 Ablegati
722 2448 875 2521 Partium
901 2448 1174 2522 danubianarum
1200 2471 1220 2519 a
1239 2447 1404 2520 Tibiscu-

204 2559 260 2627 nis
281 2564 335 2627 sat
348 2551 417 2639 diu,
429 2550 648 2645 plerumque,
659 2554 906 2645 etseparatim,
920 2561 975 2624 ast
988 2551 1032 2623 ad
1044 2550 1297 2623 conferendum
1312 2549 1404 2621 dun-

203 2668 314 2745 taxat,
330 2652 629 2725 nullatenusvero
652 2650 696 2723 ad
714 2654 994 2726 concludendum
1014 2652 1263 2725 coveniebant.
1293 2651 1404 2736 Quam

208 2753 513 2843 consuetudinem,
527 2776 545 2822 a
560 2753 692 2826 seculis
703 2758 986 2845 usuvenientem,
1002 2753 1226 2840 adolescens,
1242 2758 1312 2824 imo
1325 2756 1404 2846 pri-

205 2863 270 2930 mis
281 2856 394 2928 adhuc
402 2858 489 2927 meis
500 2854 661 2928 virilibus
673 2860 773 2928 anuis
785 2861 911 2950 vigere
930 2860 1008 2952 ipse
1020 2852 1170 2942 adverti;
1189 2854 1404 2949 placuitpo-

207 2971 284 3034 stea
303 2955 384 3030 indo
403 2956 482 3028 lere
501 2956 756 3030 adecurrentis
770 2957 883 3029 seculi
900 2955 1101 3053 primordiis
1113 2977 1236 3028 omnes
1256 2965 1406 3050 quatuor

205 3063 322 3155 Regni
334 3059 486 3131 circulos
506 3062 541 3129 in
552 3079 657 3128 unum
670 3061 782 3149 coire,
796 3061 933 3155 reliquo
945 3080 1012 3132 usu
1022 3061 1134 3154 priori
1151 3069 1328 3152 utcunque
1341 3079 1406 3129 rc-

206 3174 317 3237 tento.
337 3162 470 3233 Verum
488 3159 593 3254 paulo
606 3171 688 3254 post
696 3160 875 3252 limitibus,
887 3166 979 3234 intra
990 3181 1079 3255 quos
1093 3160 1279 3256 providum
1288 3160 1406 3249 majo·
1495 3243 1498 3248 A

203 3289 280 3338 rum
290 3267 485 3338 institutum
503 3260 729 3355 persistebat,
739 3255 848 3355 longe
858 3264 1200 3357 latequeperruptis,
1213 3261 1281 3333 huc
1291 3282 1406 3354 quae-

119 3400 123 3408 ·
203 3371 261 3441 vis
290 3368 440 3436 maxima
466 3367 629 3452 minima,
658 3367 735 3436 sine
762 3365 963 3436 discrimine
990 3365 1156 3456 relegare
1183 3367 1298 3438 visum
1316 3360 1405 3443 luit;

209 3471 303 3546 omni
329 3469 432 3555 nisu,
462 3464 551 3536 datis
579 3474 697 3538 mutuo
728 3466 870 3557 verbis,
900 3489 945 3539 eo
976 3465 1134 3554 directo,
1170 3474 1208 3538 ut
1235 3468 1406 3555 occupata

207 3571 312 3645 isthic
332 3569 536 3656 decisione,
563 3572 793 3663 pertractatio
820 3573 1045 3662 negotiorum
1077 3563 1251 3664 Comitiali
1267 3565 1303 3632 in
1322 3581 1407 3634 ses-

208 3678 310 3747 sione
331 3672 375 3742 ad
412 3673 569 3764 speciem
602 3669 715 3740 solum
753 3670 878 3744 relicta
911 3677 1073 3757 maneat,
1111 3666 1264 3758 indeque
1293 3662 1407 3751 simul,

207 3769 478 3870 quantummodo
498 3769 669 3864 possibile
698 3769 830 3861 fuerit,
861 3775 1039 3858 evitetur,
1064 3790 1109 3838 ne
1135 3767 1280 3855 majoris
1299 3765 1408 3837 indo-

207 3878 277 3966 lis,
306 3876 423 3970 prouti
443 3882 547 3942 antea
566 3870 695 3962 fiebat,
725 3874 973 3967 Deputationi,
1002 3893 1021 3940 c
1040 3867 1205 3939 membris
1224 3870 1407 3960 utriusque

208 3979 364 4052 Tabulae
385 3975 625 4068 compositae,
655 3972 868 4047 elaboranda
890 3969 1147 4045 concredentur
1164 3966 1219 4058 ⁴⁵).
1239 3967 1279 4038 ln
1298 3989 1408 4064 prae-

210 4085 403 4156 sentiarum
423 4075 576 4147 circulos
597 4086 698 4147 extra
726 4099 827 4148 usum
845 4079 1009 4169 positos,
1038 4080 1143 4162 atque
1174 4092 1295 4140 eorum
1312 4069 1421 4156 loco,

212 4184 388 4274 suffragiis
410 4179 548 4250 occulte
568 4177 670 4265 datis,
678 4177 951 4273 Deputationem
970 4172 1183 4247 substituere
1200 4175 1316 4244 visum
1333 4170 1409 4240 fuit.

211 4299 416 4318 m..-

239 4352 264 4412 2)
286 4351 362 4404 1l95.
381 4353 423 4403 25.
445 4351 515 4402 conf.
534 4349 611 4403 1563.
631 4349 672 4404 33.

240 4435 268 4502 10)
290 4438 368 4491 erar.
388 4435 429 4488 rs.
