3094 4868
51 257 61 270 “
170 253 241 326 198

161 420 223 494 illo
236 417 382 510 senatu,
394 421 530 512 Regiae
544 419 704 512 dignitati
715 439 852 492 coaevo
867 417 912 505 ⁸),
925 416 1217 512 deprehendimus
1232 418 1359 508 (367).

163 521 358 596 Utebautur
377 525 536 595 nimirum
554 521 674 613 Reges
695 524 808 592 nostri
827 515 875 590 'ad
895 539 1114 590 communem
1132 518 1361 613 Reipublicae

163 625 313 698 salutem
350 646 398 694 ex
432 622 550 714 legum
585 627 807 717 praescripto
845 622 1100 716 procurandam
1159 620 1362 692 lectissimis

163 729 297 822 primae
326 715 525 816 dignitatis,
553 734 658 817 atque
685 726 836 794 eximiae
863 723 1160 795 considerationis
1186 725 1291 812 sacri,
1319 743 1363 793 ae

162 826 304 924 proiaui
323 826 459 898 ordinis
475 824 724 914 Administris,
751 845 839 918 quos
866 826 902 894 in
927 825 1020 895 Aula
1044 831 1251 896 constanter
1267 826 1363 895 reti-

162 949 274 1016 nere,
303 937 435 998 etcum
463 925 692 1000 Monarchiae
722 948 809 997 suae
837 925 989 998 ditiones
1008 935 1261 1021 peragrarent,
1289 947 1364 996 uon

164 1031 312 1102 bonoria
332 1028 459 1117 solum,
479 1029 543 1102 sed
562 1031 667 1100 etiam
686 1027 896 1099 conciliandi
914 1032 1028 1119 gratia
1040 1031 1186 1100 comites
1199 1029 1365 1101 itinerum

164 1131 296 1202 babere
314 1129 510 1223 proficuum
536 1129 732 1203 videbatur.
760 1127 845 1201 Erat
870 1141 1057 1224 praeterea
1082 1128 1308 1224 jampridem
1326 1133 1365 1200 in

165 1254 265 1303 more
282 1231 440 1324 Regibus
458 1231 660 1325 Hungariae
680 1269 724 1286 -
746 1240 785 1302 ut
802 1251 868 1303 suo
892 1230 974 1304 loco
992 1236 1127 1327 pariter
1143 1231 1294 1304 vidimus
1312 1267 1366 1286 -

167 1332 280 1429 (217)
310 1337 340 1404 si
360 1334 498 1426 quaudo
517 1333 673 1426 longiori
691 1343 881 1428 tempore'a
895 1333 1022 1426 Regno
1041 1333 1373 1425 abessecogeren-'

165 1447 234 1524 tur,
261 1435 558 1508 Locumtenentes
588 1438 828 1525 constituere,
864 1436 1012 1526 adjectis
1041 1438 1210 1505 exomni
1240 1435 1365 1507 ordine

165 1539 284 1625 Viris,
313 1539 372 1630 qui
389 1541 524 1610 vicaria
541 1546 720 1633 potestate
739 1538 854 1632 Regni
873 1536 1168 1631 gubernationem
1187 1557 1365 1631 procura-

48 1659 51 1670 ·
165 1648 256 1709 rent.
285 1637 325 1708 ld
349 1647 476 1733 postea
508 1641 682 1712 communi
716 1640 827 1732 Regis
856 1651 960 1734 atque
991 1639 1158 1712 Crdiuum
1184 1659 1365 1710 consensu

165 1738 296 1812 lllatbia
315 1739 338 1809 l.
359 1749 555 1830 regnante,
582 1744 618 1811 iu
635 1740 808 1835 publicam
825 1741 941 1833 legem
962 1741 1045 1812 abiit
1075 1739 1126 1834 ¹’),
1154 1761 1244 1833 quac
1263 1740 1364 1812 nobis

164 1843 448 1936 primoomnium
472 1838 618 1915 Consilii
631 1845 634 1858 '
647 1841 828 1934 cujusdam
854 1841 1190 1916 Locumtenentialis
1208 1845 1361 1938 vestigia

154 1951 424 2040 repraesentat.

694 2147 731 2236 §.
760 2148 845 2222 661.

646 2300 746 2371 Feta
770 2303 889 2372 carte.

216 2521 218 2536 ,
271 2447 459 2521 Providum
487 2445 711 2519 nibilominus
741 2445 809 2517 boc
837 2445 1270 2517 bocumtenentiae
1297 2441 1366 2514 ln-

170 2555 347 2638 stitutum,
376 2549 538 2644 quamdiu
556 2549 676 2642 Reges
695 2551 731 2620 in
749 2548 875 2640 Regno
901 2546 1062 2620 residere
1081 2549 1300 2637 contigerat,
1330 2548 1367 2616 iu

171 2675 291 2726 casum
327 2673 413 2724 suae
455 2652 623 2722 duntaxat
658 2651 838 2724 absentiae
875 2649 919 2720 ad
958 2659 1095 2743 tempus
1131 2648 1365 2742 persistebat,

155 2757 308 2842 ,tametsi
337 2751 531 2825 Consilium
569 2752 719 2846 Regium
750 2754 973 2823 continenter
1001 2750 1209 2845 perduraret
1239 2751 1291 2839 ⁰);
1318 2749 1367 2820 At

169 2858 227 2928 ubi
255 2854 348 2926 istud
375 2875 440 2948 per
474 2853 608 2924 cladem
636 2855 898 2926 blohacsianam
927 2875 1004 2924 oum
1033 2856 1111 2947 ipse
1138 2851 1265 2944 Regno
1294 2870 1363 2922 uuo

170 2961 272 3053 quasi
290 2961 324 3027 in
344 2955 469 3026 funere
489 2956 653 3044 concidit,
680 2955 922 3028 Ferdinandus
946 2975 1036 3028 vero
1057 2964 1199 3048 sceptro
1220 2952 1366 3024 subinde

169 3063 314 3156 potitus,
335 3056 495 3130 stabilem
514 3068 614 3129 extra
633 3057 846 3152 Hungariam
864 3058 986 3130 sedem
1003 3056 1162 3144 baberet,
1185 3054 1271 3126 nibil
1289 3054 1366 3125 iere

171 3162 390 3256 frequentius
409 3159 583 3251 urgebant
601 3161 832 3253 Regnicolae,
860 3182 962 3256 quam
982 3158 1174 3230 Consilium
1192 3156 1365 3250 hungeri-

172 3287 249 3335 cum
274 3266 446 3358 pristinae
474 3262 653 3355 dignitati,
681 3265 951 3356 auctoritatique
979 3263 1118 3331 restitui
1149 3256 1203 3350 a),
1232 3258 1366 3352 fuitque

171 3366 289 3439 talium
308 3366 515 3461 petitionum
533 3369 569 3436 in
588 3365 769 3459 sequelam
788 3364 852 3438 sub
873 3363 999 3434 eodem
1018 3361 1130 3432 adbuc
1141 3361 1242 3455 Rege
1253 3361 1367 3433 simile

173 3466 369 3560 Collegium
396 3486 525 3560 reapse
555 3476 731 3556 erectum,
760 3470 816 3537 cui
844 3466 1140 3538 bocumtenentes
1167 3464 1272 3558 Regii
1297 3465 1367 3534 ali-

174 3569 356 3664 quamdiu,
384 3567 465 3639 dein
493 3565 560 3639 bac
588 3571 666 3664 ipsa
694 3591 771 3640 cum
802 3568 992 3663 dignitate,
1021 3577 1057 3640 et
1084 3570 1226 3640 nomine
1252 3565 1367 3660 Regni

174 3672 352 3744 Palatinus
378 3669 635 3763 praesederunt
652 3667 706 3761 8).

214 3793 252 3874 a)
278 3791 448 3869 Utrumque
470 3791 531 3851 duo
560 3791 759 3856 nobilissima
787 3793 857 3855 aevi
886 3792 974 3855 illius
1002 3795 1196 3869 documenta,
1218 3797 1265 3853 tot
1286 3789 1368 3852 inter

258 3877 441 3940 discrimina
462 3884 597 3954 servata,
619 3878 795 3960 indigitant.
819 3879 1030 3954 Protocollum
1046 3881 1159 3960 quippe
1176 3878 1367 3940 Litterarum

256 3963 424 4026 missilium
449 3961 575 4054 (prouti
603 3967 727 4028 easdem
756 3974 841 4028 aetas
863 3967 1000 4048 ingenua
1027 3985 1140 4030 vocare
1161 3983 1224 4026 non
1247 3963 1366 4026 adbae-

178 4173 182 4184 ·
201 4147 227 4212 ¹)
245 4150 274 4200 Β.
291 4144 425 4212 Stephani
442 4145 477 4198 Ι).
495 4144 526 4198 ln.
545 4146 570 4198 1.
588 4143 617 4198 C.
638 4145 664 4198 7.

200 4233 229 4299 a)
249 4233 325 4287 aaa.
346 4233 387 4284 ιο.

201 4318 227 4383 ο)
246 4321 324 4370 itte.
344 4318 386 4370 39.
1022 4387 1025 4392 ¹

202 4400 227 4468 t)
247 4399 324 4457 1eta.
339 4402 381 4456 80.
399 4427 432 4438 -
450 4403 528 4459 ttae.
549 4404 574 4458 1.
594 4429 625 4442 -
644 4402 722 4460 1888.
740 4401 765 4458 8.
784 4425 819 4438 -
838 4401 916 4458 1608.
935 4405 978 4458 10.
997 4414 1020 4456 α.
1040 4413 1063 4456 e·
1083 4399 1160 4458 1600.
1179 4403 1243 4456 lt..
1276 4417 1279 4424 ·
