3144 4860
1309 178 1359 254 69

161 347 340 441 propriam
360 345 662 432 luissestatuunt.
690 345 787 420 Illam
808 343 981 420 Eusebius
1009 345 1163 420 Veriuus
1194 345 1240 436 ⁸),
1268 343 1360 418 banc
1415 399 1416 404 ,

162 446 378 542 Grossing'er
407 447 467 538 ¹³),
494 447 678 520 bakicsius
709 451 755 539 ⁰),
785 447 1018 523 Gustermann
1048 446 1081 537 ¹¹)
1120 449 1215 520 omni
1241 455 1357 519 aetate

159 551 335 644 viguisse,
361 549 540 646 perfracte
567 549 763 622 tuebantur.
798 550 957 623 Sufficiet
987 549 1127 624 illorum
1152 555 1357 641 argumenta

159 649 252 726 haud
276 653 368 725 ultra
393 671 548 727 summos
578 653 699 747 apices
719 651 886 725 delibare.

719 831 727 849 .
756 779 817 852 68.

311 895 317 906 '
374 904 458 976 Nec
475 914 596 994 pacta
618 777 815 994 projecero
833 901 1143 994 complectantur.

261 1023 433 1123 Imprimis
461 1025 573 1098 basim
601 1046 687 1098 suae
715 1029 914 1101 sententiae
941 1027 1101 1099 universi
1135 1021 1227 1098 baud
1261 1021 1357 1116 alibi,

159 1150 262 1226 quam
279 1131 315 1200 in
347 1131 450 1202 unius
474 1128 667 1224 Anonymi,
697 1133 861 1226 superius
896 1131 1086 1201 recensitis
1126 1130 1358 1224 expresioni-

157 1231 223 1304 bus
254 1231 376 1326 (vill)
408 1229 619 1303 fundabant:
649 1231 731 1326 quid
753 1241 870 1303 autem
902 1235 992 1304 istae
1015 1231 1189 1319 alterutri,
1218 1229 1357 1325 quando

158 1334 287 1406 nullam
314 1333 475 1406 absolute
500 1332 659 1425 regulam
686 1335 887 1405 sucessioni
916 1333 1184 1426 praescribunt,
1212 1328 1359 1403 faveant

159 1438 330 1532 opinioni,
357 1453 506 1532 prorsus
535 1455 608 1506 non
635 1432 754 1508 video.
800 1434 916 1505 Video
947 1431 1086 1529 polius,
1115 1432 1197 1527 quid
1226 1430 1357 1502 obesse

45 1528 49 1538 ’
157 1540 318 1633 possint,
358 1539 389 1610 si
424 1539 670 1632 interpretatio
703 1537 961 1626 aconjecturis
990 1544 1141 1630 petatur.
1177 1532 1358 1605 Almum

159 1643 282 1712 enim
309 1641 503 1736 pariter
530 1637 741 1712 iniilios
766 1636 1096 1710 tantummodo
1116 1635 1355 1726 filiorum,

157 1741 728 1831 noufiliasitemDucem‚
758 1735 1358 1836 acPrae'ceptoremelec-

158 1851 246 1914 tum
263 1843 432 1932 fuisse,
452 1846 571 1937 potior
590 1842 685 1916 foret
697 1844 954 1937 argumentatio
970 1867 980 1929 3
1009 1840 1112 1914 Genti
1134 1851 1232 1912 certe
1251 1841 1356 1916 armis

159 1942 313 2034 deditae,
342 1945 572 2037 nascentique
593 1942 737 2016 Civitati
762 1946 875 2035 magis
896 1942 1005 2014 multo
1037 1952 1288 2016 consentanea.

724 2065 822 2140 .69.

161 2231 163 2235 ,
285 2171 287 2179 ¹
348 2141 673 2279 Nec'Dt‘plomata
689 2063 909 2282 {renationem
926 2203 1157 2262 nostrorum.
1219 2195 1221 2200 '

259 2313 389 2386 Postea
407 2315 444 2384 in
471 2310 622 2382 medium
649 2309 837 2406 proferunt
854 2313 1053 2409 Diplomata
1084 2315 1116 2403 ⁸)
1158 2313 1357 2409 Principum

158 2426 361 2490 nostrorum
390 2414 587 2504 sojura,
616 2421 658 2484 et
686 2413 856 2492 ordine
884 2419 1152 2508 geniturae,
1180 2413 1354 2487 interdum
1473 2425 1475 2428 ’

159 2523 264 2591 ctiam
289 2518 708 2611 primogeniturae
725 2537 879 2608 regnare
900 2520 1182 2592 asseverantium
1199 2517 1359 2610 admitto,

157 2619 249 2694 haud
266 2616 525 2711 infrequentia:
552 2638 677 2688 verum
696 2619 828 2689 similes
840 2617 1013 2692 formulae
1030 2619 1228 2707 arbitrario,
1251 2629 1356 2714 atqua

157 2722 350 2816 improprio
378 2739 488 2792 sensu
514 2739 579 2812 pro
616 2719 750 2790 saeculi
779 2721 1001 2814 simplicitate
1034 2730 1246 2816 usurpatae,
1274 2720 1356 2792 fac-

157 2834 230 2898 tum
248 2825 352 2896 unice
371 2819 529 2916 indicare
549 2830 712 2915 possunt,
740 2841 960 2915 nequaquam
988 2831 1105 2894 autem
1123 2825 1182 2914 jus
1195 2822 1357 2895 exclusi-

156 2946 252 3014 vum,
288 2945 357 2995 una
392 2943 469 2994 uon
495 2921 772 3017 praestabilitum
801 2923 988 3020 quodpiam
1016 2935 1172 3019 systema
1204 2925 1356 2996 demon-

156 3035 285 3116 strare,
312 3027 526 3097 contrarium
543 3027 753 3120 praesertim
769 3027 932 3116 internis,
961 3029 1190 3121 externisque
1220 3037 1356 3098 tracta-

155 3126 261 3216 tibus,
289 3126 449 3220 qualesa
471 3122 589 3199 Caroli
608 3124 655 3196 1¹²ni
678 3124 909 3222 temporibus,
937 3130 1078 3223 quoties
1096 3127 1200 3222 virile
1217 3127 1356 3220 Regum

156 3248 280 3302 semen
301 3227 444 3301 defectu
458 3227 654 3318 laborabat,
681 3227 798 3301 locum
828 3228 994 3303 babuisse
1023 3249 1127 3301 nemo
1154 3231 1354 3324 negaverit,

157 3331 227 3407 nisi
256 3333 315 3426 qni
338 3349 398 3403 res
426 3328 711 3403 evidentissimas
738 3330 860 3404 dubias
888 3332 1040 3406 reddere
1066 3331 1165 3405 volit.

696 3455 732 3540 §·
762 3459 822 3530 70.

389 3581 523 3672 Neque
541 3575 644 3671 leges
662 3601 826 3672 uanoque
844 3581 1114 3656 demonstrant.

258 3700 384 3798 Neque
398 3702 509 3775 illaria
537 3701 567 3775 1·
599 3710 635 3773 et
651 3701 854 3775 Elisabetha
881 3705 1019 3778 Alherti
1045 3705 1150 3779 vidua
1177 3706 1213 3777 in
1239 3705 1356 3779 Litte-

153 3808 204 3876 ris
237 3804 469 3900 legibusque,
505 3808 542 3880 in
569 3826 639 3900 quo
673 3804 865 3901 Lakicsius
894 3821 1055 3904 magnam
1090 3811 1162 3880 vim
1200 3812 1356 3905 reponit,

152 4017 155 4022 ,
184 3972 211 4029 ·1
231 3973 280 4038 Op.
306 3973 635 4031 clamassem.

184 4040 214 4104 b)
233 4043 262 4093 c.
278 4048 302 4098 l.
322 4041 346 4108 d,
365 4045 389 4106 8Ι
413 4052 440 4098 ct
457 4057 516 4113 aeq.
536 4046 848 4111 uolneratisque.

186 4111 377 4178 1ὴιΙΙιοίιις.
405 4119 439 4167 da
458 4117 656 4176 haeredium
673 4120 782 4172 Ducum
802 4119 898 4184 primo.
918 4119 1013 4174 deiude
1032 4122 1138 4186 Regum
1156 4118 1248 4188 flung.
1284 4114 1288 4122 ’

185 4178 215 4243 δ)
233 4184 358 4248 Sparalm
375 4183 402 4236 io
419 4185 460 4238 bct
475 4183 589 4240 aatbllt.
607 4185 805 4255 beritensium
823 4189 864 4241 tet
882 4183 983 4255 dictat.
1002 4187 1067 4258 itaq.

185 4254 210 4316 '’
230 4256 310 4376 tlt
323 4269 411 4393 'tlt
429 4257 769 4381 :illibabilis
785 4259 1125 4396 lit-'‘rilltsslltt·
1140 4273 1244 4400 tezel
1265 4263 1355 4318 “¹¹²¹''
