3146 4864
1296 153 1343 224 41

89 370 102 390 .
152 319 291 408 vocati,
319 317 428 410 vulgo
457 315 712 392 Procuratores
744 322 800 413 ²),
834 343 903 394 nec
927 341 1000 396 nou
1028 318 1277 414 uectigalium,
1304 341 1347 396 ac

152 421 421 493 Tricesimarum
439 415 636 492 Exactores
667 419 727 511 l')‚
756 424 916 519 utrisque
942 431 1060 494 tamen
1086 421 1345 497 recentioribus

150 523 315 596 Decretis
346 521 382 596 id
410 542 487 592 oum
517 521 667 616 quodam
687 531 964 620 temperamento
985 544 1195 597 concessum
1214 532 1270 614 est
1301 524 1345 615 ²).

151 622 353 720 Capitaneis
371 631 580 721 praeterea,
610 646 652 696 ac
678 624 875 699 Praefectis
902 623 1141 701 confiniorum
1165 625 1347 720 legatione

151 725 255 798 simili
290 724 433 822 defungi
470 728 604 821 pariter
642 727 863 803 interdictum
898 726 1090 800 habebatur
1121 723 1178 820 d);
1224 747 1347 800 omnes

150 835 267 900 autem
294 827 492 923 Ablegatos
519 830 619 902 uiros
647 828 822 922 idoneos,
861 833 983 927 pacis,
1023 851 1067 902 ac
1100 829 1185 904 boni
1217 828 1349 927 publici

151 940 308 1003 amantes
345 931 439 1004 salus
474 935 552 1027 ipsa
583 932 814 1028 Reipublicae
850 954 1026 1029 nunquam
1054 955 1126 1005 non
1161 932 1347 1027 deposcit3

151 1055 259 1128 quare
279 1041 317 1104 ut
335 1034 425 1106 tales
454 1033 677 1128 deligantur,
704 1036 818 1132 Regia
837 1035 1007 1126 Majestas
1034 1034 1177 1107 bitteris
1197 1030 1347 1107 Convo-

152 1138 296 1209 catoriis
315 1136 482 1233 explicite
509 1158 650 1233 semper
676 1138 757 1210 inde
786 1139 828 1212 ab
848 1137 1099 1233 antiquissimis
1130 1134 1347 1233 temporibus
1381 1151 1387 1162 ·

152 1259 321 1332 mouere,
350 1247 454 1335 atque
468 1239 597 1330 jubere
617 1240 763 1314 solebat.

671 1443 708 1531 §.
739 1445 823 1518 387.

572 1620 657 1692 Len
678 1625 909 1713 praecisores.

128 1855 131 1862 .
255 1789 423 1864 Ordinum
452 1791 569 1885 Regni
598 1795 849 1887 praerogativa
864 1760 1047 1888 ¹Populum
1073 1794 1279 1865 universum
1310 1792 1347 1863 in

150 1891 313 1986 generali
342 1889 529 1967 Conventa
557 1895 850 1987 repraesentandi
881 1899 928 1985 ²),
966 1915 1044 1965 cum
1079 1903 1132 1965 tot
1159 1894 1238 1964 aliis
1275 1915 1346 1966 uno

39 2087 41 2090 Ι
135 1997 252 2089 ¹quasi
278 1991 404 2064 funere
429 1994 637 2087 consepulta
667 1992 727 2083 f)‚
763 1998 903 2087 qualem
935 1999 1052 2066 veteri
1080 2015 1236 2066 normam
1271 1996 1347 2066 Lex

149 2096 373 2192 provisorie,
400 2104 439 2167 ut
456 2097 533 2189 ipsa
553 2099 622 2184 ait,
654 2098 748 2166 circa
768 2093 999 2168 comitialium
1019 2095 1235 2167 Nunciorum
1265 2095 1346 2167 elo-

149 2198 322 2285 ctionem,
346 2199 419 2288 jam
445 2197 583 2269 effectui
603 2196 736 2287 datam,
766 2197 956 2289 suffecerit,
984 2198 1066 2268 loco
1084 2200 1148 2271 vix
1165 2199 1342 2293 inoppor-

149 2310 233 2372 tuno
253 2299 409 2389 adjicere
429 2300 606 2395 expediet.
635 2299 681 2372 Ut
698 2303 806 2393 igitur
827 2299 1057 2372 determinata
1076 2321 1258 2393 exequar,
1287 2299 1347 2371 di-

149 2402 308 2499 cendump
333 2405 470 2497 primo,
516 2405 655 2497 quinam
682 2402 837 2495 eligere,
873 2404 1027 2498 cligique
1046 2404 1198 2499 possint,
1217 2411 1344 2499 postea

150 2526 217 2599 qua
236 2503 437 2578 modalitate
456 2508 524 2578 ista
543 2505 672 2576 electio
691 2503 895 2602 peragenda
915 2510 970 2578 sit.
1085 2557 1090 2564 ,

664 2709 700 2796 §.
734 2709 818 2784 388.

359 2861 422 2938 Ad
436 2867 632 2936 universos
649 2861 776 2952 Repeti
790 2837 940 2934 incolas
959 2860 1134 2934 ostendet.

251 3032 319 3106 Per
344 3032 531 3105 indicatam
557 3030 706 3103 inferius
735 3029 866 3125 begam
893 3031 979 3102 dure
998 3030 1153 3123 eligendi
1173 3029 1346 3101 donantur

149 3155 243 3206 nunc
261 3137 378 3205 cuncti
405 3137 508 3227 regni
525 3135 666 3208 incolae
684 3135 812 3225 viginti
837 3153 949 3205 annos
975 3135 1071 3219 nati,
1101 3142 1136 3202 et
1161 3141 1345 3224 paternae,

149 3238 325 3325 tutoriae‚
353 3244 413 3307 aut
437 3235 539 3308 herili
566 3239 736 3330 potestati
762 3234 855 3306 haud
883 3234 1048 3322 obnoxii,
1076 3252 1144 3302 nec
1177 3232 1373 3303 criminali

149 3341 289 3412 actione
309 3341 487 3412 conventi.
515 3339 694 3410 Arccutur
719 3339 864 3432 insuper
890 3336 932 3408 ab
952 3335 1140 3408 electionis
1172 3336 1344 3405 exercitio

148 3439 433 3530 in'Givitatibus,
462 3439 671 3535 oppidisque
703 3438 921 3510 coordinatis
948 3441 996 3525 ii,
1025 3457 1173 3530 quorum
1192 3435 1346 3508 faculta-⁶

147 3551 202 3614 tes
221 3553 460 3617 trecentorum
491 3541 707 3615 florenorum
735 3539 895 3612 valorem
922 3559 994 3611 non
1025 3537 1241 3628 adaequant3
1271 3538 1345 3606 rari

146 3654 277 3720 terram
295 3645 498 3743 quadrantis
518 3646 690 3719 sessionis
719 3644 890 3718 minorem
915 3637 1141 3740 possidentes
1155 3669 1169 3728 q
1194 3647 1344 3737 praete-

150 3811 349 3827 Μ

177 3891 202 3954 ⁸)
222 3891 302 3947 1649.
320 3893 362 3948 tl.

175 3977 203 4040 ¹³)
222 3981 291 4033 lilod.
310 3985 370 4037 Art.

178 4065 204 4128 ο)
223 4069 301 4136 mss.
319 4070 361 4124 aa.
383 4097 418 4110 -
435 4072 514 4125 aras.
533 4072 579 4124 uo.

178 4151 204 4218 ὅ)
225 4153 302 4211 toln.
321 4157 365 4209 62.

176 4242 202 4303 ‘l
221 4241 299 4298 1435.
320 4273 355 4284 --
374 4249 402 4298 at
422 4241 500 4298 1474.
519 4242 647 4310 utrinque
663 4243 690 4298 in
706 4244 824 4300 Praaiat

176 4327 215 4400 f),
227 4327 303 4386 1848.
323 4333 347 4386 s.
