3094 4868
1317 251 1388 335 19'7

190 421 258 519 ipsi
287 425 323 496 in
359 420 519 498 Consilio
546 423 818 520 praesidebant,
854 426 1006 520 litesque
1036 427 1256 517 dirimebant,
1287 432 1388 520 cujus

147 615 149 618 Ι
188 523 403 598 luculentum
431 525 543 598 adbuc
570 523 797 597 Ferdina'ndo
837 525 864 596 Ι.
895 528 1043 622 Sceptra
1079 530 1284 602 moderante
1315 555 1388 605 non

190 625 290 700 deest
308 630 509 720 vestigium.
555 625 906 721 Saue-posteaquam
939 633 1051 701 omnis
1079 635 1299 726 experientia
1325 644 1388 704 te-

189 731 415 802 statissimum
432 728 594 816 reddidit,
622 732 814 801 universim
833 729 948 822 Regni
971 723 1106 804 incolas
1130 732 1173 803 ad
1191 733 1326 826 Regem
1346 757 1386 807 se

188 829 322 903 directe
341 841 554 904 convertere
572 832 746 925 potuisse,
776 841 811 902 et
837 853 965 925 reapse
996 831 1032 902 id
1051 837 1218 906 continuo
1247 839 1382 928 egisse,

186 933 235 1004 nil
263 943 374 1021 certe,
402 936 433 1006 si
451 932 571 1006 secula
598 932 641 1004 ad
667 932 822 1003 ultimam
855 955 932 1003 eam
966 954 1081 1027 usque
1111 935 1303 1029 epocham,
1342 938 1387 1008 ad

188 1056 290 1127 quam
307 1055 480 1130 praesens
497 1030 695 1106 lucubratio
726 1055 766 1106 se
787 1034 957 1124 extendit,
985 1037 1192 1128 respiciam,
1222 1039 1271 1108 uil
1302 1042 1385 1132 qui-

188 1136 267 1210 dem
284 1137 374 1208 hanc
397 1141 433 1207 in
451 1158 526 1206 rem
552 1136 731 1231 Tripartiti
763 1135 867 1208 effato
895 1136 1042 1224 clarius,
1087 1159 1129 1207 ac
1163 1141 1284 1212 verius
1315 1141 1385 1212 dici

186 1241 312 1332 potuit,
348 1261 450 1335 quom
488 1239 627 1310 simul
662 1237 907 1332 Imperium
934 1259 1032 1308 cum
1057 1242 1293 1334 regimine
1330 1241 1384 1316 ad

186 1339 361 1437 Regem·
384 1342 641 1439 pertinere
672 1339 716 1432 ³).
1236 1339 1239 1346 '

720 1546 753 1633 §.
785 1547 870 1620 659.

328 1673 569 1747 cancellario
598 1687 682 1744 crat
705 1691 854 1764 setrtper
880 1671 988 1744 locos
1015 1675 1256 1748 autdenm'cus.

288 1823 384 1894 Inter
401 1821 483 1892 loca
502 1821 569 1892 fide
589 1821 707 1913 digna,
727 1832 764 1892 ut
775 1800 885 1910 'nobis
906 1820 1002 1915 loqui
1020 1825 1131 1893 moris
1152 1830 1218 1910 est,
1239 1821 1388 1892 credi-

186 1923 314 2008 bilia,
343 1923 527 2016 aliquando
549 1925 653 1992 etiam
681 1921 1025 1992 testimonialia
1053 1920 1272 1992 cancellaria
1292 1944 1386 2014 quo·
1491 1983 1503 1994 .

188 2047 256 2118 que
274 2023 477 2115 Huugarico
498 2023 623 2092 Aulica
645 2044 745 2113 quam
765 2025 914 2091 maxime
932 2020 1153 2092 censebatur.
1179 2023 1277 2094 Illam
1296 2025 1387 2094 enim

96 2207 105 2213 q
188 2128 387 2221 cumprimis
407 2123 731 2195 conservandorum
750 2122 931 2194 Librorum
948 2125 1128 2214 regiorum
1148 2147 1234 2194 cura
1254 2147 1384 2219 respe-

186 2232 257 2316 xit,
286 2225 409 2321 quibus
429 2249 448 2298 a
468 2225 679 2296 Ferdinandi
697 2224 723 2295 I.
743 2224 1027 2319 temporibus-
1047 2248 1128 2298 uam
1167 2226 1383 2319 antiquiores

186 2340 269 2425 post
294 2330 546 2400 internecinam
583 2325 717 2396 cladem
761 2326 1043 2397 Mohdcsiensem
1086 2325 1159 2397 fato
1194 2330 1386 2421 perierant,

187 2442 246 2505 aut
266 2453 333 2526 quo
355 2432 475 2524 superi
493 2437 634 2517 norunt,
660 2429 741 2499 loco
762 2428 973 2506 delitescunt
991 2466 1043 2480 -·
1060 2429 1267 2522 Privilegia,
1296 2431 1388 2500 alia-

188 2555 256 2627 que
284 2533 430 2621 majoris
465 2534 632 2601 momenti
661 2531 879 2603 Documenta
907 2532 1077 2602 litteraria
1107 2531 1150 2600 ad
1177 2541 1389 2625 perpetuam

187 2638 243 2706 rei
260 2635 464 2704 memoriam
482 2634 650 2725 inscripta
670 2643 871 2703 cernuntur.
890 2631 954 2702 Hic
972 2643 1159 2727 praeterea
1173 2653 1244 2706 non
1260 2637 1389 2722 minus,

188 2759 290 2831 quam
308 2739 343 2806 in
362 2737 513 2806 caeteris
541 2731 631 2804 locis
652 2734 861 2806 authenticis
891 2743 989 2806 actus
1010 2735 1199 2823 solennes,
1226 2744 1264 2806 ut
1283 2744 1388 2806 sunta

188 2842 320 2910 amicae
341 2834 624 2923 conventiones,
653 2837 893 2925 Testamenta,
920 2837 1126 2925 Fossiones,
1148 2836 1406 2931 Plenipoten-,¹

188 2943 388 3026 tiariorum,
415 2935 757 3033 Procuratorumque
786 2936 1097 3034 constitutiones,
1119 2961 1160 3011 ac
1186 2939 1254 3010 alia
1280 2939 1383 3030 hujus

188 3043 331 3132 generis
349 3037 630 3132 peragebantur,
651 3050 754 3132 atque
774 3041 952 3133 superbis
972 3039 1131 3110 omnibus
1144 3050 1213 3109 tam
1231 3041 1385 3116 Litterae

188 3138 481 3226 Testimoniales,
510 3159 611 3232 quam
640 3140 848 3210 Transumta
877 3141 1097 3228 authentica,
1128 3163 1148 3210 a
1176 3140 1276 3233 Rege
1298 3142 1387 3212 sub-

190 3247 342 3337 scripta,
380 3239 579 3335 petentibus
620 3242 797 3317 extradari
834 3250 1050 3332 sueverant,
1087 3240 1227 3336 plenem
1256 3243 1384 3338 ubique

190 3343 293 3418 fidem
311 3342 480 3416 habitura.
924 3345 927 3352 '

467 3627 475 3645 .
663 3541 823 3626 capam
846 3510 917 3608 Il.
1028 3604 1031 3610 ,
1140 3501 1142 3508 ‚
1312 3624 1314 3630 Ι

361 3678 418 3758 lic
445 3674 634 3758 Consilio
662 3672 1050 3757 locumtenentiali
1076 3672 1224 3778 Regio.
1377 3719 1381 3728 ·

710 3852 746 3940 §.
776 3852 861 3924 660.

443 4003 612 4074 Inetz'tutz'
633 4003 746 4088 lausus
774 4003 891 4083 indic,
921 4011 958 4069 et
982 4017 1130 4071 caueae.

294 4171 440 4246 Natales
469 4174 660 4271 perennnis
692 4173 871 4265 cujusdam
900 4156 1010 4268 Regu
1033 4151 1180 4246 Consilii
1207 4165 1388 4269 inRegali
1421 4242 1424 4248 ,
1484 4210 1487 4218 =

224 4395 668 4477 onumeouume
