3138 4858
198 258 248 332 24

283 437 482 500 suspensum,
505 420 716 500 deportantes,
739 417 900 482 indefinito
916 426 1057 496 numero,
1079 437 1115 482 sc
1136 393 1398 500 eraroc'quoque

281 525 351 568 esse
375 505 526 584 potuisse.
559 505 731 581 Ornatam,
752 505 820 566 sive
842 503 983 568 habitum
1006 505 1109 568 ooetui
1131 505 1312 588 proprium,
1336 525 1397 586 quo

283 591 362 654 socii
384 591 476 653 statis
499 591 609 655 diebus
631 591 737 654 vestiti
760 591 989 672 comparebant,
1010 590 1131 656 bononi
1150 594 1292 675 designat
1308 591 1353 674 ⁸).

518 905 523 918 Ι
716 793 754 880 §.
784 793 869 910 3‘56.

338 993 340 997 ·
410 1025 412 1030 -
516 945 518 950 Ι
589 954 746 1062 Equites
769 971 807 1040 S.
838 967 1016 1059 Gouraioi·
1059 969 1062 973 '
1138 941 1140 946 ,

301 1137 544 1214 Domesticum
564 1139 668 1211 alium
686 1139 844 1210 incertae
863 1139 1012 1232 originis
1032 1135 1199 1211 Ordinem
1223 1137 1399 1209 Beatae

199 1241 377 1314 Mariae
411 1244 631 1336 Virginis
678 1240 729 1312 de
766 1240 922 1314 Stella
956 1240 1134 1331 Viridi,
1175 1241 1398 1335 Megisserus

198 1355 370 1414 memorat
400 1342 643 1436 ‘’nourr-esne
655 1344 760 1414 aliurn
771 1340 877 1428 Nodi,
888 1345 965 1416 sive
978 1346 1152 1415 amicitiae
1162 1343 1204 1415 ab
1217 1342 1398 1415 Ludovico
1458 1345 1462 1352 '

199 1445 416 1518 dierectum
447 1452 490 1535 ⁰),
504 1457 655 1539 uterque
669 1445 774 1517 nullis
793 1446 829 1516 in
847 1466 923 1514 rern
941 1444 1098 1518 lontibus
1117 1447 1289 1517 indicatis.
1304 1441 1397 1517 Cer-

199 1549 269 1619 tius
288 1547 419 1640 longe,
448 1551 613 1641 quoniam
632 1546 768 1620 Statuta
788 1557 978 1641 supersunt
1008 1543 1065 1640 ⁶¹),
1085 1549 1129 1618 de
1147 1548 1288 1619 militari
1307 1568 1399 1642 qua-

199 1651 292 1743 piam
325 1651 502 1741 religione
531 1657 696 1737 constat,
727 1655 844 1719 aetate
878 1644 997 1720 Caroli
1022 1647 1048 1718 Ι.
1081 1650 1299 1739 coadunata,
1334 1647 1398 1721 sub

198 1752 341 1821 nornine
360 1749 617 1824 societatis
642 1747 933 1820 fraternalis
952 1748 1162 1823 Militiae
1190 1751 1226 1825 S.
1248 1748 1397 1822 Geor-

200 1852 289 1942 gii3
319 1852 418 1942 cujus
438 1848 602 1940 sodales,
622 1851 717 1944 quod
735 1849 949 1943 Sigismundi
967 1849 1171 1925 testimonio
1190 1853 1295 1948 paulo
1317 1858 1398 1923 ante

202 1955 455 2047 comperimus,
494 1974 635 2024 crucem
662 1951 806 2024 rubeam
837 1956 873 2024 in
897 1975 1020 2049 campo
1059 1954 1138 2027 albo
1179 1953 1396 2026 deferebant.

201 2051 273 2126 Sub
303 2053 369 2124 hac
397 2057 537 2126 interim
565 2077 638 2127 non
670 2053 835 2127 Ordinem
864 2059 1022 2150 egregiis
1050 2056 1267 2130 facinoribus
1286 2078 1397 2152 prae-

201 2155 357 2226 miandis'
377 2155 419 2227 ab
446 2157 548 2250 Rege
576 2159 785 2246 excitatum,
813 2179 939 2229 verum
970 2159 1143 2231 occultam
1167 2161 1284 2255 potius
1304 2179 1397 2230 con-

202 2257 453 2346 sociationem,
482 2257 726 2329 defendendae
752 2257 863 2351 Regis
893 2258 1020 2348 saluti,
1049 2283 1092 2331 ac
1115 2260 1257 2340 Juribus
1275 2262 1396 2332 inten-

201 2364 292 2447 tam,
322 2357 557 2450 subintelligi,
584 2360 730 2450 regulas
756 2359 834 2433 illas
854 2360 1030 2452 relegenti
1057 2365 1218 2456 protinus
1239 2361 1394 2459 adpare-

201 2456 273 2546 bit,
302 2479 391 2551 quae
420 2462 451 2531 si
479 2469 583 2530 antea
602 2459 755 2532 fuissent
782 2464 818 2531 in
846 2461 962 2533 lucem
994 2463 1211 2556 productae,
1239 2468 1303 2536 vix
1339 2466 1398 2558 qui

92 2560 94 2566 '
202 2557 293 2629 hanc
310 2562 345 2629 in
363 2581 438 2630 rem
456 2559 780 2633 commentabantur
810 2563 856 2654 ⁶),
878 2585 944 2660 pro
963 2567 1098 2639 veteris
1117 2564 1265 2658 hujusce
1283 2566 1396 2638 Insti-

201 2663 266 2730 tuti
284 2661 442 2755 reliquiis
461 2662 659 2764 Auratos
685 2659 905 2760 Equites,
934 2667 998 2740 sub
1024 2667 1298 2763 lnauguratione
1326 2690 1391 2740 re-

202 2762 261 2860 gia
279 2764 394 2835 creari
411 2763 560 2859 solitos,
587 2766 649 2842 vel
667 2767 945 2858 conjecturando
966 2768 1182 2844 habuissent.

717 2993 755 3080 §.
785 2991 870 3064 357.

634 3140 790 3234 Equites
806 3141 952 3215 Aerati.
1050 3230 1057 3248 .

301 3312 390 3386 Nam
407 3311 551 3407 Equites
570 3321 749 3408 postremo
769 3323 1083 3404 commemoratos,
1112 3317 1171 3410 qui
1189 3339 1258 3389 nec
1276 3320 1392 3410 signo,

198 3435 314 3509 neque
333 3413 569 3508 peculiaribus
587 3419 848 3510 praerogativis
868 3416 1149 3510 distinquuntur,
1169 3421 1233 3491 vix
1251 3419 1392 3514 aliquod

199 3517 337 3588 dubium
363 3525 545 3604 remanet,
569 3517 642 3606 jam
670 3520 921 3590 vetustissimis
947 3519 1188 3613 temporibus,
1225 3525 1394 3617 imprimis

198 3623 330 3712 inipso
352 3616 490 3688 solenni
501 3618 697 3710 Regiminis
718 3616 811 3688 aditu
822 3617 917 3690 Ense
936 3641 1130 3714 percussos
1150 3619 1393 3725 exstitisse*),

200 3718 244 3788 ad
271 3718 335 3788 Jus
362 3717 507 3809 Equites
537 3716 690 3789 faciendi
718 3719 875 3810 Regibus
902 3742 1108 3812 commune,
1144 3747 1186 3794 ac
1214 3728 1394 3821 proprium

200 3818 389 3898 confestim
408 3818 666 3907 exercendum,
695 3827 868 3914 ternpore,
887 3842 1057 3916 moreque
1076 3827 1262 3916 consimili,
1290 3830 1394 3901 sicuti

187 3989 405 4002 ...-.,....---

226 4050 251 4117 ι)
272 4049 560 4136 saepissimeque.
577 4049 765 4122 ausaausa
781 4052 965 4112 artacaeon.
985 4074 1009 4124 „
1019 4057 1063 4120 ar.
1077 4069 1103 4116 u
1114 4079 1173 4133 aeq.

225 4136 255 4202 ¹²)
273 4143 303 4190 ln
324 4141 419 4190 Annei.
439 4137 561 4189 (larintb.
579 4137 608 4185 Ρ.
621 4137 654 4191 11.
672 4137 702 4189 0.
721 4141 764 4190 19.

224 4223 253 4285 ⁰)
271 4225 342 4276 illst
357 4225 462 4276 Blaent.
481 4225 510 4274 la.
531 4221 556 4273 8.
575 4217 599 4284 §.
618 4222 660 4274 1³.
680 4237 703 4287 p.
723 4217 785 4277 271.

227 4305 254 4369 d)
271 4311 302 4359 ln
323 4311 382 4361 Act.
398 4309 507 4362 Musaei
521 4307 582 4358 Nat.
599 4307 689 4370 flung.
708 4323 743 4360 ex
759 4311 827 4375 orig.
841 4311 945 4363 desum.
960 4328 984 4378 p.
1006 4318 1065 4370 151.

227 4395 253 4456 ⁰)
271 4395 341 4458 Pray
360 4394 474 4446 inflict.
488 4395 558 4484 Reg.
569 4391 660 4456 flung.
673 4393 704 4446 Ρ.
719 4394 752 4446 11.
772 4393 831 4448 199.
850 4400 878 4446 et
898 4395 1012 4487 (tuirtky
1026 4409 1150 4470 opuscul.
1169 4411 1250 4476 paulo
1269 4419 1331 4468 ante
1345 4414 1391 4468 cit.
