3124 4868
239 199 313 278 ’128

237 383 340 447 nacta
359 373 511 464 fuerant,
524 362 671 446 formam
684 342 747 446 sub
759 374 900 464 carolo,
920 361 1146 448 etLudovico
1159 373 1437 470 Andegavensis

237 479 426 572 prosapiae
452 475 632 568 Regibus,
662 488 765 572 atque
793 477 1005 572 sigismundi
1026 479 1131 549 aetati
1149 481 1333 574 proximis,
1360 499 1436 551 no-

237 589 310 651 stra
337 581 513 675 inpatria
539 582 720 673 reperisse
739 577 789 669 l).

278 699 317 784 l¹)
341 699 412 762 Scio
437 700 592 764 Simonem
616 703 653 763 de
674 702 761 762 Kena
783 703 820 764 de
844 700 1028 764 colomanni
1049 703 1203 764 adversus
1226 700 1346 783 Anglos
1370 721 1433 764 su·
1556 761 1557 764 ,

321 793 427 865 acepta
454 785 649 864 expeditione
680 788 883 849 disserentem
915 787 1010 868 Regis
1047 786 1227 868 Hungariae
1267 787 1432 848 llanerium

297 916 302 932 .
323 890 495 938 memorare
509 870 550 954 ⁸),
574 891 634 951 qua
656 872 714 934 sub
736 873 972 952 compellatione
996 873 1057 934 etsi
1078 872 1183 936 nullus
1203 870 1432 935 eontrover'tam

321 956 371 1018 bic
386 956 491 1036 copias
508 956 606 1038 regali
629 958 688 1019 sub
705 958 818 1019 vexillo
835 957 1004 1019 militantes
1021 957 1226 1038 subintelligi,
1249 967 1429 1020 nontamen

318 1041 419 1103 adbuc
433 1041 601 1121 eliquatum
626 1052 712 1121 puto,
726 1044 885 1105 authorem
909 1046 945 1105 de
968 1044 1161 1123 privatorum
1180 1042 1342 1105 bauderiia
1359 1063 1433 1106 esse.

298 1127 475 1203 locutum,
507 1135 547 1203 et,
570 1127 599 1189 si
622 1129 694 1207 quid
718 1129 810 1190 video
834 1148 889 1191 nec
917 1149 993 1209 quae
1016 1147 1031 1189 c
1057 1129 1138 1189 binis
1161 1129 1355 1204 Andreanis‚
1378 1129 1428 1190 vel

318 1212 408 1275 Relae
431 1212 485 1274 IV.
509 1214 644 1275 decretis
667 1215 704 1274 ad
727 1216 988 1294 comprobandam
1008 1211 1073 1297 jam
1095 1214 1151 1275 illo
1174 1233 1250 1275 aevo
1281 1216 1428 1295 privato-

317 1317 386 1359 rum
410 1297 633 1362 Benderiorum
656 1299 851 1364 existentiam
873 1298 1131 1384 adferunturl),
1162 1299 1246 1363 omni
1268 1301 1428 1384 ambigui-

318 1391 379 1446 tate
402 1391 518 1450 carent.

744 1577 781 1662 §.
809 1577 894 1649 536.

567 1727 690 1811 Hortos
715 1727 885 1796 Instituta·
908 1729 1073 1797 occasio.
1184 1747 1186 1752 ·

330 1865 411 1940 Non
448 1891 561 1964 aeque
596 1869 739 1942 arduum
768 1870 806 1942 iit
839 1872 1018 1958 divinare,
1058 1869 1141 1965 quid
1173 1870 1254 1942 huic
1280 1872 1425 1943 institu-

230 1970 317 2042 tioni
336 1974 560 2044 occasionem
579 1972 662 2044 dare
680 1976 857 2070 potuerit,
878 1973 1075 2060 diminutis,
1104 1983 1143 2043 ut
1160 1977 1424 2068 praemiseram,

230 2074 343 2166 copiis
362 2093 435 2144 non
451 2074 555 2146 modo
576 2074 829 2164 castrensibus,
859 2073 922 2148 sed
942 2078 1046 2146 etiam
1065 2073 1187 2163 tundo,
1211 2077 1270 2167 qui
1297 2073 1423 2145 alendo

231 2174 330 2245 militi
366 2174 626 2265 destinabatur,
653 2179 767 2268 (533)
803 2176 846 2246 de
873 2179 1045 2270 suppetiis
1073 2179 1235 2272 utrinque
1274 2178 1427 2271 conqui7

231 2274 351 2348 randis
381 2278 604 2370 cogitandum
629 2287 727 2365 erat,
763 2279 819 2346 cui
838 2281 892 2347 rei
919 2281 972 2347 sic
1003 2276 1199 2346 consultum
1225 2276 1424 2364 videbatur,

115 2457 118 2464 ,
231 2387 269 2448 ut
286 2398 431 2450 numero
460 2378 666 2450 colonorum
690 2379 792 2466 juxta
818 2379 1087 2470 proportionem
1116 2374 1318 2469 domorum,
1346 2381 1424 2452 sive

230 2487 410 2574 portarum
428 2483 463 2550 in
482 2477 652 2549 calculum
671 2487 840 2565 assumto,
870 2480 928 2570 qui
947 2478 1059 2571 ampla¹
1078 2476 1170 2550 bona
1185 2481 1423 2576 possiderent,

231 2579 384 2651 educere
403 2590 529 2673 gentes
557 2579 678 2673 plures
706 2579 878 2667 caeteris,
907 2578 1075 2672 alereque
1106 2578 1423 2673 obstringerentur.

229 2681 348 2773 Atque
366 2679 423 2750 bic
440 2700 528 2752 vera
545 2679 758 2752 banderialis
777 2701 849 2751 non
867 2681 1003 2767 minua,
1031 2701 1134 2772 mam
1151 2683 1262 2775 ipsius
1282 2702 1424 2777 quoque

229 2781 377 2874 portalis
405 2781 548 2852 militiae
578 2802 684 2852 causa
714 2780 916 2875 quaerenda
945 2790 1043 2867 erat3
1072 2778 1159 2850 haec
1187 2780 1303 2851 luerat
1331 2785 1426 2852 omni

229 2891 389 2974 tempore
409 2884 590 2977 utriusque
619 2880 663 2952 ad
691 2904 730 2954 se
757 2885 927 2954 invicem:
955 2881 1045 2954 baec
1072 2884 1177 2951 etiam
1196 2891 1360 2978 quantum
1380 2883 1427 2953 ad

230 2984 546 3054 exercituationem
573 2987 677 3054 unica
704 2983 958 3079 propemodum
983 2980 1274 3054 Banderiatorum
1296 3006 1316 3055 a
1335 3005 1425 3054 oae-

228 3085 315 3155 teris
333 3080 516 3157 Nobilibus
547 3083 705 3157 subditos
734 3083 941 3156 habentibus
962 3083 1178 3174 differentia,
1207 3084 1302 3178 quod
1318 3084 1421 3176 leges

227 3206 293 3356 per
311 3185 431 3256 secula
451 3184 636 3276 conditae,
666 3196 770 3281 atque
798 3194 994 3281 temporum
1018 3184 1166 3257 historia
1198 3186 1424 3258 considerate

243 3295 321 3359 ecta
341 3288 454 3361 cuivis
473 3287 589 3361 studio
608 3285 769 3363 veritatis
789 3287 941 3378 addicto,
962 3288 1189 3384 perspicuum
1207 3287 1371 3361 adicient.

750 3518 787 3605 §.
816 3517 903 3590 537.

291 3753 295 3759 Α
384 3664 517 3749 Onera,
547 3679 584 3737 et
607 3667 909 3758 Proeropottbae
931 3662 1263 3737 Boodcrr'otorum.

329 3830 403 3903 Hac
425 3834 555 3928 quippe
573 3834 711 3905 ratione
731 3833 927 3928 potioribus
947 3855 1025 3905 cum
1058 3853 1170 3904 onere
1205 3829 1351 3917 majori,
1386 3837 1425 3898 et

226 3927 294 4004 illa
321 3935 358 4004 in
387 3937 508 4028 specie
538 3933 754 4025 obligatione
794 3938 914 4032 copias
939 3957 1022 4009 suas
1039 3934 1139 4003 -si
1170 3933 1294 4022 regiae
1327 3930 1424 4004 bosti

227 4034 374 4131 amplius
402 4035 603 4106 resistendo
622 4057 694 4108 non
713 4047 848 4129 essent,
876 4047 1019 4109 aute—
1034 4034 1190 4130 reliquas
1208 4035 1245 4104 in
1264 4057 1423 4131 campum
1493 4101 1498 4108 .

255 4275 281 4335 ⁸)
299 4277 373 4326 noco
385 4275 437 4327 eit.
457 4275 487 4327 c.
505 4260 530 4329 l.

256 4359 286 4424 ¹³)
304 4361 373 4412 Vide
392 4360 418 4412 lu
437 4361 459 4427 d.
479 4363 539 4416 535.
557 4367 585 4416 et
603 4361 728 4426 subjecte
747 4365 799 4416 eid.
817 4367 889 4416 nota.
