3094 4868
1285 219 1372 294 “1¹85

171 387 246 458 rios
262 393 414 485 uocant,
442 382 644 460 assidebant
662 383 706 456 de
724 382 854 472 Glero,
881 382 1105 476 Magnetum,
1133 394 1169 459 et
1196 385 1372 461 Nobilium

173 497 276 561 statu.
327 488 547 562 secretarios
586 491 794 581 praeterea,
831 485 1074 580 Concipistas,
1113 489 1202 561 alios
1239 491 1373 563 diversi

172 588 304 662 ordinis
331 589 508 662 Officiales
539 589 593 678 ⁸),
632 587 888 684 expediendis,
924 589 1245 684 asservandisqne,
1282 614 1372 686 quae

171 692 243 764 illic
261 691 399 785 agenda
415 692 669 782 interveniunt,
681 694 888 766 necessario
900 701 1044 786 praesto
1063 691 1177 764 inisse
1195 697 1372 769 novimus.

623 975 627 982 ,
697 895 734 984 §.
763 897 849 970 654.

610 1073 730 1164 Atque
755 1073 945 1145 Aetioitaa.

275 1219 451 1290 Activitas
480 1213 720 1290 cancellariae
748 1215 1002 1312 exporrigebat
1031 1237 1071 1289 se
1100 1237 1141 1290 so
1175 1220 1372 1310 generatim

174 1321 218 1393 ad
236 1330 361 1392 cuncta
378 1318 495 1412 Regni
526 1325 670 1414 negotia
698 1318 741 1389 ad
767 1313 941 1391 internam
959 1317 1189 1413 Reipublicae
1218 1319 1370 1391 admini-

175 1426 381 1496 strationem
398 1426 612 1517 pertinentia
640 1431 710 1493 tam
739 1425 917 1513 gratiosa,
945 1443 1047 1515 quam
1066 1419 1230 1516 politica,
1250 1422 1374 1493 eccle-

176 1527 340 1614 siastiea,
368 1524 429 1597 vel
458 1526 601 1614 civilia,
628 1530 667 1594 nt
693 1533 774 1596 sunt
800 1523 1018 1616 Privilegia,
1052 1521 1270 1596 Collationes
1298 1523 1374 1594 Be-

174 1625 379 1698 neficiorum
417 1625 769 1714 Ecclesiastioorum,
806 1625 1048 1716 Donationcs,
1084 1624 1373 1715 Nobilitationes,

174 1751 264 1824 quae
295 1729 433 1816 omnia,
468 1733 537 1802 nisi
564 1733 623 1802 via
649 1729 752 1820 hujus
779 1728 968 1800 Dicasterii
996 1728 1163 1818 dimissa,
1203 1733 1233 1801 si
1256 1728 1374 1821 legem

173 1833 405 1924 respicimus,
431 1834 558 1924 vigore
578 1831 813 1903 destituuntur
842 1829 889 1919 l>).
918 1829 986 1900 Per
1003 1831 1090 1901 illud
1107 1831 1276 1923 Princeps
1297 1827 1374 1900 Go-

174 1935 271 2001 mitia
306 1929 452 2020 indixit,
490 1933 662 2002 diaetales
693 1938 862 2000 tractatus
890 1931 1163 2024 prosequendo,
1202 1951 1281 2000 cum
1305 1929 1374 2000 fine

177 2031 407 2104 Comitiorum
434 2032 635 2120 Articulos,
675 2051 738 2102 sua
767 2033 950 2102 sanctione
978 2031 1185 2122 roboratos,
1224 2031 1373 2119 edebat3

176 2157 241 2230 per
259 2133 344 2204 illud
363 2130 539 2206 ordinarie
559 2132 603 2203 ad
621 2153 806 2227 supremos
834 2131 949 2224 Regni
967 2132 1214 2225 Magistratus,
1241 2131 1375 2204 Consi-

174 2239 258 2307 lium
286 2234 611 2308 Locumtenentiale
638 2233 807 2327 Regium,
836 2243 872 2304 et
899 2233 1057 2326 publicas
1084 2257 1225 2329 quoque
1254 2233 1374 2305 luris-

176 2338 348 2409 dictiones
368 2336 518 2412 Ordines
538 2359 624 2410 suos
642 2338 785 2429 largiri,
804 2357 1006 2431 proponere
1027 2335 1070 2407 ad
1088 2358 1232 2408 munera
1250 2340 1373 2429 regiae

176 2440 450 2512 denominationi
478 2450 638 2529 retenta,
665 2438 726 2512 vel
744 2438 866 2508 eadem
886 2437 1049 2531 delegata
1075 2461 1094 2508 a
1122 2440 1283 2531 Principe
1302 2460 1375 2532 po-

174 2550 304 2613 testate
334 2539 523 2631 conlerre3
552 2540 745 2632 advigilare
774 2539 981 2628 ordinatae,
1011 2563 1052 2611 ao
1080 2539 1189 2611 celeri
1214 2541 1373 2628 justitiae

175 2640 484 2735 administrationi;
506 2640 653 2716 eandem
669 2662 734 2735 per
751 2640 912 2713 mandata
928 2641 1114 2729 judiciaria
1133 2659 1373 2736 promovere3

174 2744 287 2818 verbo
306 2747 429 2836 regiae
447 2748 635 2843 potestatis
654 2742 906 2836 plenitudinem
924 2747 1015 2815 intra
1036 2744 1166 2816 limites
1186 2741 1252 2815 sibi
1272 2741 1373 2814 desi-

175 2855 303 2939 gnatos
322 2868 496 2924 exercere
524 2846 682 2941 ejusdem
700 2847 939 2938 nativitatem,
967 2855 1003 2918 et
1030 2847 1183 2919 cilicium
1200 2847 1372 2942 respexit.

696 3052 733 3140 ὅ.
762 3050 847 3126 655.

266 3225 342 3302 Illa
366 3226 519 3299 luridus
544 3224 793 3316 Majeataticat
820 3226 1025 3297 amcitiam·
1050 3219 1277 3316 invigilabat.

255 3407 257 3411 ’
278 3391 319 3468 ln
331 3399 424 3469 omni
442 3407 684 3469 autemrerum
703 3398 848 3469 istarum
865 3396 1142 3491 pertractatione
1153 3394 1197 3467 ad
1213 3396 1375 3489 potiores

179 3496 422 3570 cancellariae
447 3510 567 3594 partos
587 3498 769 3595 spectabat
785 3497 998 3594 providere,
1026 3491 1064 3568 ut
1090 3497 1176 3568 lura
1195 3496 1307 3586 Regia
1326 3497 1376 3566 il-

176 3599 298 3689 laesa,
325 3611 431 3694 atque
459 3604 667 3672 intemerata
697 3608 978 3688 conserventur,
1005 3619 1120 3691 neque
1150 3596 1288 3688 legibus
1307 3597 1375 3667 ad-

177 3704 275 3774 versi
301 3701 386 3795 quid
415 3703 529 3794 Regio
548 3703 699 3775 Nomine
724 3703 962 3798 praecipiatur
992 3699 1047 3788 ⁰),
1075 3720 1121 3770 ne
1149 3701 1254 3769 etiarn
1272 3720 1375 3770 sacro

179 3813 300 3874 sancta
318 3805 489 3897 Principis
508 3803 713 3875 Auctoritas
732 3803 793 3874 vel
812 3801 1001 3890 collisioni,
1019 3801 1080 3873 vel
1102 3799 1238 3870 cuidam
1256 3802 1375 3888 jactu-

178 3925 239 4002 rae
271 3915 478 3998 exponatur.
518 3903 640 3976 Eidem
678 3906 829 3997 deniquo
860 3902 966 3974 Jussa
1003 3902 1149 3990 altiora,
1186 3900 1375 3995 legumque

179 4003 338 4075 ellectum
357 4010 466 4096 tueri,
495 4029 537 4076 ac
554 4027 747 4102 procurare
765 4003 997 4077 incumbebat.
1055 4092 1059 4102 Ι

208 4211 232 4276 ·)
252 4215 320 4267 Vide
339 4199 565 4274 schematismnrn
584 4222 799 4289 Regnlcolarem.

208 4300 234 4362 b)
255 4303 306 4352 cit.
327 4305 403 4356 1608.
421 4307 446 4360 9.
466 4321 488 4360 a.
509 4322 532 4362 c.

207 4386 230 4451 e)
251 4386 327 4441 154³.
345 4393 388 4446 dl·
