3144 4860
197 161 246 236 tt

196 351 266 425 qee
283 329 462 402 continuo.
492 329 594 404 Neve
617 334 744 404 iterum
768 331 812 403 ad
837 332 1016 404 anteriora
1044 332 1309 427 regrediamur,
1334 333 1397 407 vel

195 431 414 528 inauguralia
436 430 583 507 Comitia
608 435 812 530 eisdemque
831 437 1018 527 conjuncta
1037 435 1258 531 ilungaricae
1276 433 1396 510 Gorn-

196 538 349 610 nationis
390 535 552 610 solennia
594 539 626 631 1)
674 537 996 632 Habsburgieorum
1030 539 1247 636 Principum,
1283 561 1397 636 usqne

194 639 388 739 Josephum
409 639 436 714 l.
460 639 552 716 haud
576 641 774 740 interrupte
801 640 1028 716 manifestant
1056 641 1104 736 b).

760 845 768 862 .
798 793 857 868 75.

607 921 722 1010 omae
731 792 999 996 §incommoda

298 1042 355 1115 Ad
372 1043 519 1137 grandia
534 1044 654 1142 itaque
673 1048 776 1140 hujus
796 1046 1070 1145 praeelectionis
1084 1047 1305 1122 incommoda
1329 1073 1397 1122 an-

196 1145 419 1236 tevertenda,
449 1156 484 1218 et
509 1154 719 1245 praesertim
747 1151 792 1224 ob
816 1151 1016 1243 interregni
1034 1161 1176 1240 metum,
1204 1153 1306 1243 cujus
1336 1153 1398 1225 fu-

195 1257 317 1324 nestas
357 1246 523 1343 sequelae
557 1251 737 1346 Hungaria
773 1253 865 1326 haud
900 1254 1011 1326 semel
1050 1256 1201 1326 omnium
1242 1259 1392 1328 maxime

195 1360 359 1427 senserat
361 1350 521 1444 ,.Reges
553 1353 817 1428 aFerdinando
848 1355 873 1426 l.
905 1378 1017 1450 usque
1044 1356 1237 1454 losephum
1264 1356 1290 1429 Ι.
1311 1361 1395 1429 uni-

192 1457 292 1530 versi
308 1457 383 1526 vita
399 1456 528 1526 comite
557 1455 649 1529 lilios
680 1461 951 1553 primogenitos,
979 1458 1040 1532 vel
1063 1459 1238 1531 haeredes
1266 1463 1396 1554 proxi-

192 1579 271 1631 mos
305 1560 471 1629 coronari
488 1569 783 1680 procuraverunt,
812 1560 1050 1655 praecedente
1067 1555 1403 1656 sempeternum

128 1663 130 1666 ’
192 1678 269 1732 rum
288 1679 451 1748 assensu,
480 1664 601 1756 specie
621 1662 769 1757 quadam
792 1663 980 1734 electionis
1003 1663 1192 1755 declarata,
1221 1662 1315 1756 quod
1349 1687 1396 1738 ex

192 1761 389 1840 Annalibus
415 1765 554 1856 iterum,
583 1773 619 1840 et
638 1765 777 1862 legibus
794 1767 956 1862 patescit.

758 1971 765 1986 .
796 1918 855 1992 76.

612 2043 691 2117 Sed
717 1917 921 2138 {soporae
948 2045 977 2118 I.

293 2165 414 2240 llnerit
439 2170 662 2263 quantumvis
689 2169 760 2242 hoc
780 2169 1014 2266 opportunum
1033 2172 1197 2265 tempori,
1225 2178 1261 2243 et
1280 2192 1392 2272 scopo

192 2269 422 2390 remedium,
432 2289 559 2342 uerum
588 2273 716 2342 incerti
741 2280 902 2345 eventus.
956 2272 1117 2344 Pericula
1156 2277 1287 2346 etenim
1314 2274 1393 2348 selo

193 2374 333 2444 delectu
351 2373 454 2442 unius
474 2393 494 2442 e
512 2371 670 2467 pluribus
688 2373 799 2466 Regis
826 2373 906 2446 iliis
925 2396 1144 2470 nequaquam
1163 2377 1303 2471 integre
1322 2377 1392 2448 de-

192 2475 328 2562 clinari,
355 2474 479 2566 augeri
496 2478 628 2569 potius,
658 2479 688 2547 si
707 2485 835 2548 exorte
863 2475 976 2572 litigio
1006 2487 1152 2572 serpant
1185 2479 1394 2572 simultates,

192 2586 251 2650 aut
268 2573 373 2672 plane
393 2595 519 2670 sparso
540 2575 583 2648 de
602 2576 772 2650 industria
800 2581 893 2651 inter
912 2579 1060 2652 Liberos
1090 2579 1224 2675 Regios
1252 2582 1395 2655 discor-

192 2681 326 2753 diarum
345 2676 467 2751 fomite
485 2680 523 2751 in
542 2688 698 2774 apertam
721 2680 906 2778 aliquando
926 2682 1098 2755 bellorum
1118 2684 1271 2756 civilium
1290 2682 1395 2756 ilam-

191 2803 281 2855 mam
300 2791 539 2877 erumperent,
566 2789 839 2879 praeteritorum
856 2784 1026 2857 malorum
1044 2785 1293 2857 recordatione
1324 2796 1394 2857 tam

191 2885 324 2957 clarum
343 2886 471 2974 evasit,
490 2891 789 2983 praegnantisqpe
810 2887 1118 2976 considerationis
1145 2896 1184 2958 ut
1201 2887 1249 2957 A·
1284 2889 1392 2960 1687.

190 2986 411 3083 Regnicolae
433 2987 590 3083 legitime
613 2995 845 3087 congregati,
886 2990 1056 3084 abrogato
1080 2987 1267 3061 electionis
1297 2989 1393 3080 jure,

191 3091 410 3189 sponderent
432 3090 616 3188 Leopoldo
637 3090 678 3187 1.,
708 3093 752 3166 ob
776 3090 960 3188 depulsum
978 3092 1244 3164 Ottomanorum
1273 3089 1399 3176 domi-¹

190 3207 322 3287 natum,
353 3195 396 3268 dc
415 3193 595 3288 Hungaria
613 3199 800 3289 insigniter
818 3199 966 3285 merito,
995 3215 1035 3267 se
1054 3215 1126 3266 non
1144 3192 1261 3284 alium,
1292 3216 1394 3291 quam

191 3296 510 3393 quiCaesaris
537 3297 712 3370 virilis
740 3296 1166 3391 sexuslegitimus
1187 3296 1395 3368 descen-

192 3401 326 3491 dens,
354 3397 579 3494 idemque
617 3403 985 3498 primogenitus
1013 3398 1188 3489 fuerit,
1226 3402 1263 3469 in
1289 3420 1392 3469 omne

191 3513 393 3580 secuturum
423 3508 561 3598 tempus
597 3502 734 3600 Regem
763 3527 863 3578 suum
903 3526 946 3575 ac
974 3502 1160 3575 Dominum
1197 3503 1392 3593 agnituros

156 3657 160 3686 2
188 3609 314 3683 Idem
301 3630 374 3704 Jus,
404 3606 597 3704 eademque
616 3613 768 3696 ratione,
796 3611 832 3680 in
852 3627 937 3680 casu
957 3604 1152 3677 deliciantis
1159 3597 1289 3697 prolis
1294 3623 1394 3674 mas·-

190 3715 312 3804 culae,
359 3707 510 3783 adnata
537 3712 724 3784 maximum
752 3710 918 3783 Familiae
946 3706 1229 3798 Habsburgieae,
1256 3708 1366 3778 tunc
1357 3727 1394 3778 1n

189 3816 358 3914 Hispania
395 3815 616 3909 superstitis,
663 3824 850 3889 extensum
888 3821 976 3884 erat.
1023 3809 1134 3904 Igitur
1168 3807 1238 3881 hoe
1279 3811 1392 3904 primo

218 4009 244 4068 ⁶)
266 4009 344 4074 Dlsq.
362 4007 433 4061 illst.
453 4007 487 4058 da
506 4009 588 4059 modo
608 4019 718 4078 conseq.
737 4026 835 4064 summ.
854 4012 920 4075 imp.
939 4008 965 4059 ln
984 4007 1074 4072 liung.
1093 4001 1114 4070 6.
1133 4005 1176 4058 71.
1196 4021 1221 4072 p.
1242 4005 1301 4056 161.

217 4077 245 4142 b)
265 4079 335 4130 Vide
362 4079 1004 4136 1111111.61111171.11·1.1.Ι)11.1
1030 4080 1063 4131 da
1082 4077 1121 4128 1ο
1152 4078 1221 4128 1171
1247 4079 1305 4126 Art
1323 4075 1385 4126 l.v

265 4149 706 4214 Dtp.1raugltcrd.rttdet0
737 4153 1009 4207 tolerassemus
1030 4149 1099 4199 Anni
1125 4146 1394 4202 tartarearum.

267 4221 291 4270 3.
311 4226 339 4270 et
359 4221 420 4286 Dip.
441 4221 532 4284 lnarrg.
559 4221 641 4272 Ferd
665 4225 710 4272 ΙΙΙ.
730 4227 798 4278 Dec.
826 4227 847 4276 l
867 4220 898 4273 Αἱ
937 4221 1012 4271 1638.
1033 4223 1090 4270 Art.
1117 4221 1140 4267 1.
1160 4219 1255 4265 insert.
1274 4212 1297 4277 6.
1318 4220 1391 4266 1.-

220 4289 492 4343 Perditione
511 4289 557 4342 lV
576 4287 609 4344 1Ι
648 4295 724 4347 1611.
745 4298 803 4350 nrt.
822 4297 846 4346 1.
864 4299 892 4346 et
910 4291 973 4358 Dtp.
992 4289 1083 4360 inaug.
1103 4278 1184 4398 lleop.
1203 4286 1230 4336 io
1249 4284 1393 4337 illuanec

165 4426 167 4430 Ι
266 4359 583 4418 impresserat
