3142 4862
1330 229 1358 304 9

158 397 202 470 ad
230 397 419 472 delinitiem
444 400 604 491 eiusdem
632 403 879 478 extensionem
895 402 1076 500 pertinere
1095 419 1202 498 supra
1221 419 1355 470 reeen-

158 503 289 573 suimus
315 501 437 592 [fflb

672 649 708 735 ς.
737 649 815 721 XV.

208 800 403 893 &incepto
425 799 530 872 Jurt'a
547 797 695 874 Pallae·
713 813 801 872 eunt
816 805 988 892 propria
1017 815 1054 871 et
1078 807 1298 874 commemo.

259 949 430 1036 Quoniam
457 969 544 1041 ergo
575 937 877 1043 Jurisprudentia,
905 957 943 1018 ut
968 949 1039 1038 jam
1057 953 1174 1038 innui,
1203 951 1351 1022 scientia
1450 1013 1452 1022 ,

156 1062 212 1126 est
233 1051 338 1142 (XII)
369 1049 461 1121 ultro
490 1053 740 1144 consequitur,
768 1051 861 1122 illam
893 1053 966 1122 suis
987 1073 1006 1121 e
1025 1054 1228 1146 principiis,
1258 1061 1352 1124 tam-

157 1178 260 1248 quam
279 1151 434 1224 lontibus
462 1153 588 1247 partim
606 1151 672 1223 sibi
690 1157 749 1224 uni
768 1155 936 1248 propriis,
955 1157 1082 1247 partim
1100 1156 1158 1225 isti
1178 1154 1351 1224 scientia-

157 1279 234 1327 rum
260 1258 385 1348 generi
409 1253 654 1330 ¹communibus
682 1253 812 1326 hauriri
843 1265 1022 1349 oportere.
1065 1255 1212 1349 Propria
1248 1264 1349 1326 sunt:

156 1358 274 1452 Leges
292 1353 596 1444 fundamentales,
624 1355 840 1428 solennesve
860 1365 1053 1444 tractatus,
1083 1365 1118 1426 et
1136 1365 1239 1449 pacta
1258 1355 1351 1426 domi

157 1482 234 1530 cum
266 1461 358 1547 suis,
386 1467 457 1529 tum
487 1459 592 1528 etiam
620 1477 698 1527 eum
726 1459 859 1529 exteris
889 1457 1057 1551 populis,
1086 1456 1349 1550 eorundemque

156 1560 374 1656 Principibus
394 1569 508 1631 enata.
536 1559 623 1631 Tum
641 1558 743 1652 leges
766 1559 891 1632 civiles
909 1557 1084 1653 publicae,
1112 1567 1253 1646 statuta,
1271 1562 1351 1651 pri-

156 1664 301 1757 vilegia,
331 1683 397 1733 ceu
421 1662 502 1751 jura
527 1661 718 1755 singularia
737 1671 856 1734 certae
876 1660 1002 1736 classis
1021 1661 1228 1750 incolarum,
1246 1681 1350 1732 oom-

144 1771 450 1868 ¹munitatumque3
477 1763 653 1854 Decreta,
682 1773 718 1836 et
745 1765 994 1840 Ordinationes
1019 1763 1179 1860 Regiae;
1217 1761 1349 1837 obser-

154 1871 275 1940 vantia
293 1867 445 1960 denique
463 1865 590 1957 Regni.

673 2067 709 2152 ὅ.
737 2067 832 2139 XVl.

256 2216 319 2289 Ad
342 2216 409 2288 illa
428 2226 667 2310 reserantur:
703 2215 756 2305 A)
784 2219 907 2307 Lepas
929 2217 1246 2310 fundamentales.

257 2341 401 2428 Quidam
430 2340 530 2434 leges
559 2344 652 2413 inter
679 2339 958 2414 fundamentales
984 2346 1143 2438 principe
1174 2342 1349 2436 quodam-

153 2445 257 2516 modo
290 2444 371 2514 loeo
403 2442 581 2514 collocant
619 2443 863 2533 conditiones,
912 2444 955 2516 de
996 2443 1119 2539 quibus
1155 2443 1348 2535 Maioribus

153 2544 295 2617 Nostris
316 2554 528 2616 conventum
548 2544 682 2634 fuisse,
709 2546 918 2640 Anonpmus
938 2556 1089 2619 testatur
1108 2545 1229 2637 (VIII)
1249 2547 1349 2618 velut

153 2657 292 2741 pactum
320 2647 436 2739 Regni
464 2645 746 2736 tundamentate,
774 2651 863 2720 scite
890 2653 1031 2722 omnino
1051 2648 1157 2734 istud,
1187 2649 1217 2718 si
1244 2656 1348 2718 tenor

153 2751 317 2842 praecise
354 2748 570 2838 earundem,
596 2752 660 2820 vix
686 2771 776 2822 vero
810 2752 937 2839 etiam,
966 2753 996 2822 si
1023 2750 1227 2822 essentialia
1256 2749 1348 2842 legis

154 2848 317 2920 attributa
337 2853 572 2944 aspiciantur,
592 2873 682 2944 quae
702 2873 774 2924 non
793 2849 834 2922 ab
853 2851 1023 2923 historica
1041 2853 1170 2946 privati
1189 2853 1345 2922 auctoris

153 2950 385 3044 qualicunque
414 2951 553 3024 tandem
590 2951 657 3023 fide
685 2975 836 3048 unquam
861 2953 1040 3048 proficisci
1074 2963 1244 3050 possunt,
1283 2950 1348 3024 sed

152 3055 254 3124 unius
283 3053 451 3126 duntaxat
480 3053 703 3146 legislativae
728 3058 916 3151 potestatis
944 3057 1153 3129 auctoritate
1180 3057 1346 3142 nitantur,

151 3164 207 3226 est
224 3176 387 3228 necesse.

590 3439 592 3443 ,
660 3360 696 3444 §.
724 3355 836 3431 XVII.

573 3505 629 3574 1³¹·
661 3503 776 3576 Bulla
801 3509 937 3576 Aurea.

252 3654 366 3726 Prima
384 3658 502 3749 itaque
532 3662 718 3747 tempore,
747 3649 805 3720 ubi
830 3651 1048 3723 vetustiores
1072 3651 1253 3744 requisitis
1273 3672 1343 3722 ve-

153 3758 255 3826 stitae
276 3755 537 3828 characteribus
557 3776 623 3826 nos
641 3756 764 3848 latent,
776 3752 836 3824 lex
858 3750 960 3824 nobis
979 3752 1249 3824 fundamentalis
1270 3764 1342 3824 est:
1411 3785 1414 3790 ·

151 3856 342 3929 Decretum
367 3857 535 3930 Andreae
564 3852 607 3926 ll.
628 3856 738 3948 Regis
769 3858 812 3926 de
830 3855 937 3928 Anno
968 3855 1075 3929 1822.
1107 3859 1144 3926 in
1161 3856 1344 3927 Articulos

153 3959 197 4029 31
222 3958 433 4049 distinctum,
465 3961 521 4029 cui
540 3957 582 4028 ab
603 3979 711 4028 aureo
731 3957 842 4051 Regis
864 3957 1003 4050 Sigillo,
1032 3957 1211 4052 amplioris
1230 3956 1345 4030 adbuc

151 4061 374 4133 solennitatis
414 4083 501 4153 ergo
539 4059 719 4156 adpensa,
757 4060 952 4132 Aureae
989 4059 1158 4133 Bullae
1200 4081 1343 4152 nomen,

150 4162 262 4232 veluti
289 4164 468 4257 proprium
502 4161 672 4234 adhaesit.
710 4160 962 4257 complectitur
997 4163 1090 4233 istud
1120 4159 1221 4234 va'ria
1248 4161 1344 4234 luris

151 4260 284 4334 Publici
314 4268 450 4359 capita,
479 4267 722 4358 communique
747 4263 876 4357 Regis,
905 4271 940 4334 et
967 4263 1084 4358 Regni
1103 4266 1342 4336 consensione

154 4363 303 4458 editum,
332 4376 375 4443 et¹
393 4369 430 4439 111
456 4375 592 4464 septem
619 4364 877 4464 exemplaribus
903 4369 1094 4445 memoriae
1118 4373 1344 4464 posterorum
