3138 4858
1344 215 1392 290 53

195 374 288 448 mula
303 373 441 470 loquar,
468 375 673 473 plerumque
698 399 763 475 per
782 374 1037 456 (lancellariam
1057 379 1293 478 Hungaricam
1318 405 1391 459 no-

195 479 288 550 minc
305 481 425 569 regio,
447 500 696 574 nonnunquam
718 485 822 554 etiam
846 505 912 580 per
937 483 1161 579 Rescriptum
1188 487 1392 560 reddeban-

194 589 262 652 tur.
290 579 329 650 ln
347 584 459 673 primo
490 603 575 652 casu
597 579 641 653 ad
668 583 865 656 mandatum
882 585 1018 680 Regiae
1037 584 1234 679 majestatis
1255 585 1391 663 (lonsi-

194 681 314 754 liarius
336 680 380 753 ad
398 678 652 755 cancellariam
661 683 776 778 Regio
794 685 1028 781 Hungaricam
1039 687 1187 763 Aulious
1206 689 1392 787 subscrip-

194 786 241 858 sit
259 781 371 872 solus,
397 788 578 880 posterius
595 785 676 859 Rex
701 791 806 860 etiam
825 791 902 886 ipse
924 812 1001 862 cum
1022 785 1257 882 Cancellario,
1285 802 1390 889 atque

191 905 263 960 uno
283 881 506 960 consiliario.
523 885 626 962 Nunc
642 889 713 960 ista
732 891 769 963 in
786 893 902 964 vicem
924 891 1288 968 consubscribontium
1308 903 1392 991 post

190 987 327 1083 Regem
342 1009 433 1061 unus
450 988 692 1063 Ministrorum
711 1011 776 1064 suo
798 997 941 1067 nomine
964 998 1107 1088 signare
1133 994 1314 1068 ordinatur
1343 995 1389 1088 ⁸).

191 1094 264 1165 Res
288 1093 340 1163 sio
357 1102 476 1165 mutuo
497 1113 676 1167 consensu
695 1095 905 1187 conclusae,
933 1087 1108 1172 incertos
1135 1098 1303 1171 articulos
1324 1119 1390 1168 ro-

193 1195 370 1292 diguntur,
398 1196 560 1291 Regique
581 1207 873 1292 praesentantur,
901 1199 1061 1273 addendo
1090 1221 1232 1298 preces,
1260 1209 1298 1272 ut
1324 1198 1391 1273 bos

192 1297 346 1370 adsensu
365 1320 457 1392 suo,
486 1309 521 1371 et
549 1302 760 1374 auctoritate
795 1313 917 1394 ratos,
944 1313 1141 1400 gratosque
1169 1300 1318 1391 babeat,
1354 1310 1391 1373 et

192 1412 261 1474 tam
278 1404 356 1495 ipse
379 1402 532 1496 benigne
551 1401 759 1494 observare,
787 1425 890 1499 quam
915 1427 981 1502 por
1001 1406 1091 1479 alios
1120 1405 1306 1478 observari
1327 1402 1387 1476 ia-

194 1525 276 1577 cere
305 1502 478 1600 dignetur.

600 1731 602 1736 v
710 1694 747 1782 §.
776 1697 862 1770 407.

487 1847 547 1916 De
563 1846 657 1918 Iure
673 1847 796 1937 Leges
809 1845 1094 1938 promulgandi.

295 2013 459 2105 Negotiis
478 2016 707 2108 compositis,
736 2033 920 2109 quousque
939 2037 1012 2088 non
1029 2015 1158 2088 luisset
1184 2015 1386 2108 stabilitum,

194 2119 310 2211 bcges
330 2115 533 2188 durantibus
558 2113 715 2187 Comitiis
733 2115 824 2188 latas
852 2114 1061 2188 intermedio
1082 2126 1163 2188 ante
1181 2118 1389 2191 conclusio-

193 2242 274 2295 nem
292 2221 442 2291 termino
470 2217 685 2310 singillative
714 2217 907 2292 sanctione
926 2218 1041 2312 Regia
1058 2238 1168 2313 posse
1189 2218 1312 2290 donari
1341 2218 1391 2311 b),

192 2325 352 2398 universi
370 2320 506 2393 articuli
524 2321 666 2392 nonnisi
695 2341 772 2392 cum
796 2323 873 2415 ipsa
899 2320 1049 2394 Diaetae
1068 2319 1298 2394 conclusione
1316 2324 1389 2394 vim

193 2426 284 2518 legis
308 2427 345 2497 in
373 2422 561 2519 complexu
579 2422 907 2516 consequebantur,
936 2427 997 2519 qui
1022 2426 1058 2495 in
1076 2422 1224 2496 formam
1242 2423 1388 2496 Decreti

192 2525 347 2614 redacti,
364 2525 548 2621 Regiaque
568 2524 853 2620 subscriptione,
872 2526 1004 2619 sigillo,
1024 2547 1066 2596 ac
1085 2524 1255 2598 subnexis
1273 2525 1388 2598 Prae-

172 2645 176 2653 '
194 2629 366 2716 latorum,
394 2651 435 2698 ac
453 2625 570 2721 Regni
586 2626 764 2698 Baronum
781 2627 979 2700 nominibus
998 2630 1132 2716 muniti,
1158 2648 1224 2721 per
1240 2626 1391 2721 Regiam

193 2730 416 2822 blajestatem
435 2752 513 2802 cum
545 2728 671 2800 iisdem
688 2750 781 2825 pene
810 2731 1037 2818 cerimoniis,
1065 2751 1155 2824 quae
1175 2727 1219 2800 ad
1236 2728 1390 2804 inchoa-

193 2836 326 2906 tionem
345 2833 460 2924 (401)
481 2831 658 2920 obtinent,
686 2828 860 2904 Comitiali
879 2828 1031 2927 Corpori
1049 2831 1245 2919 traduntur,
1266 2834 1389 2928 sicque

194 2937 265 3008 vim
292 2935 410 3028 legum
435 2934 575 3030 adepti,
602 2942 729 3029 postea
754 2933 799 3005 ad
815 2936 1003 3008 universas
1022 2933 1140 3026 Regni
1157 2931 1390 3006 turisdictio-

194 3059 259 3109 nes
278 3059 342 3133 pro
371 3037 533 3108 ulteriori
560 3035 864 3133 promulgatione,
893 3045 928 3105 ct
956 3034 1210 3107 observatione
1228 3058 1293 3131 per
1311 3035 1391 3107 Re-

195 3142 288 3233 giam
305 3139 528 3228 Maiestatem
557 3138 772 3210 dimittuntur
789 3133 855 3224 *);
883 3157 960 3207 mos
988 3135 1045 3206 diu
1064 3144 1224 3207 retentus
1243 3137 1310 3207 bos
1329 3138 1390 3206 in-

195 3263 303 3337 super
330 3240 374 3313 ad
401 3261 465 3312 eos
485 3240 655 3336 expedire
683 3258 828 3326 omnes,
857 3240 915 3332 qui
933 3239 970 3308 in
987 3255 1143 3331 persona
1170 3235 1214 3307 ad
1231 3238 1392 3309 Diaetam

196 3343 337 3417 evocati
348 3342 463 3431 fuere,
474 3344 721 3414 recentissime
739 3343 1012 3434 praetermissus
1030 3348 1097 3410 est.
1124 3338 1242 3431 Leges
1261 3348 1390 3429 autem,

194 3448 261 3520 rite
289 3443 551 3541 promulgatas,
586 3441 694 3516 Cives
722 3443 840 3536 Regni
860 3464 937 3514 non
965 3441 1125 3534 singulos
1155 3441 1284 3529 modo,
1326 3440 1391 3512 sed

194 3551 306 3644 ipsam
332 3545 420 3618 adeo
456 3566 697 3640 quamcunque
734 3541 870 3618 Civium
906 3544 1177 3616 universitatem
1215 3541 1390 3634 obligare,
1527 3601 1530 3606 ,

97 3667 99 3674 ’
196 3651 356 3724 omnibus
376 3658 526 3722 constat.

237 3797 278 3882 ἥ)
299 3797 443 3900 Decretp,
465 3803 496 3859 et
518 3792 668 3898 quidquid
682 3791 943 3896 promulgandum
961 3799 1037 3870 eret,
1060 3788 1254 3872 temporibus
1274 3790 1391 3893 dudum

279 3879 1392 4052 {libell-tutti„,tlte,⁰ltlltltl‘ttltltaliittttt

193 4117 411 4132 Ἤ

227 4189 254 4254 ·)
273 4189 351 4246 1848.
369 4190 395 4246 b.

229 4262 259 4330 Ι»)
277 4263 381 4315 Eodem
401 4265 459 4317 Are

227 4341 251 4406 ο)
270 4334 429 4386 iiovacblcb
456 4334 534 4390 Vaut
559 4334 634 4388 Gom.
658 4341 688 4387 et
712 4331 910 4402 cnirdky'ord.
939 4333 1011 4391 nnc
1040 4332 1102 4390 dur.
1120 4331 1181 4386 clv.
1198 4329 1288 4402 Rung.
1307 4347 1332 4402 p.
1350 4335 1394 4396 69.

276 4405 353 4461 conl.
372 4405 618 4476 brennaburg.
636 4405 726 4478 flung.
743 4408 772 4463 iu
791 4413 847 4464 not.
866 4419 962 4477 praev·
978 4406 1009 4467 P.
1027 4406 1062 4464 11.
1081 4403 1106 4475 §-
1123 4403 1194 4462 bxl.
1210 4405 1239 4460 ln
1257 4405 1346 4491 nolle,
