<?xml version="1.0" encoding="UTF-8"?>
<!DOCTYPE html PUBLIC "-//W3C//DTD XHTML 1.0 Transitional//EN"
    "http://www.w3.org/TR/xhtml1/DTD/xhtml1-transitional.dtd">
<html xmlns="http://www.w3.org/1999/xhtml" xml:lang="en" lang="en">
 <head>
  <title>
</title>
<meta http-equiv="Content-Type" content="text/html;charset=utf-8" />
  <meta name='ocr-system' content='tesseract 3.04.00' />
  <meta name='ocr-capabilities' content='ocr_page ocr_carea ocr_par ocr_line ocrx_word'/>
</head>
<body>
  <div class='ocr_page' id='page_1' title='image "./conspectusjuris00czirgoog_0514.png"; bbox 0 0 3094 4868; ppageno 0'>
   <div class='ocr_carea' id='block_1_1' title="bbox 587 410 1038 634">
    <p class='ocr_par' dir='ltr' id='par_1_1' title="bbox 587 410 1038 634">
     <span class='ocr_line' id='line_1_1' title="bbox 739 410 892 496; baseline -0.02 -13"><span class='ocrx_word' id='word_1_1' title='bbox 739 410 777 496; x_wconf 75' lang='lat'><strong>§-</strong></span> <span class='ocrx_word' id='word_1_2' title='bbox 806 411 892 483; x_wconf 81' lang='grc'><strong>743.</strong></span> 
     </span>
     <span class='ocr_line' id='line_1_2' title="bbox 587 553 1038 634; baseline -0.002 -1"><span class='ocrx_word' id='word_1_3' title='bbox 587 557 742 634; x_wconf 74' lang='lat' dir='ltr'><strong>sedium</strong></span> <span class='ocrx_word' id='word_1_4' title='bbox 767 553 1038 632; x_wconf 63' lang='lat' dir='ltr'><strong>nonusnullum</strong></span> 
     </span>
    </p>
   </div>
   <div class='ocr_carea' id='block_1_2' title="bbox 130 703 1426 2231">
    <p class='ocr_par' dir='ltr' id='par_1_2' title="bbox 130 703 1426 2231">
     <span class='ocr_line' id='line_1_3' title="bbox 321 703 1423 802; baseline -0.009 -16"><span class='ocrx_word' id='word_1_5' title='bbox 321 709 536 786; x_wconf 92' lang='lat' dir='ltr'><strong>Colonorum</strong></span> <span class='ocrx_word' id='word_1_6' title='bbox 553 709 672 801; x_wconf 88' lang='lat' dir='ltr'><strong>itaque</strong></span> <span class='ocrx_word' id='word_1_7' title='bbox 690 713 896 799; x_wconf 86' lang='lat' dir='ltr'><strong>competens</strong></span> <span class='ocrx_word' id='word_1_8' title='bbox 914 707 1048 802; x_wconf 87' lang='lat' dir='ltr'><strong>primae</strong></span> <span class='ocrx_word' id='word_1_9' title='bbox 1067 707 1257 778; x_wconf 72' lang='lat' dir='ltr'><strong>instantiae</strong></span> <span class='ocrx_word' id='word_1_10' title='bbox 1269 703 1423 796; x_wconf 86' lang='lat' dir='ltr'><strong>Forum,</strong></span> 
     </span>
     <span class='ocr_line' id='line_1_4' title="bbox 218 804 1423 908; baseline -0.005 -22"><span class='ocrx_word' id='word_1_11' title='bbox 218 812 315 908; x_wconf 85' lang='lat' dir='ltr'><strong>quod</strong></span> <span class='ocrx_word' id='word_1_12' title='bbox 333 813 414 884; x_wconf 84' lang='lat' dir='ltr'><strong>alibi</strong></span> <span class='ocrx_word' id='word_1_13' title='bbox 434 811 551 900; x_wconf 88' lang='lat' dir='ltr'><strong>Curia,</strong></span> <span class='ocrx_word' id='word_1_14' title='bbox 570 808 674 907; x_wconf 88' lang='lat' dir='ltr'><strong>nobis</strong></span> <span class='ocrx_word' id='word_1_15' title='bbox 700 804 813 880; x_wconf 85' lang='lat' dir='ltr'><strong>Sedes</strong></span> <span class='ocrx_word' id='word_1_16' title='bbox 833 807 1017 880; x_wconf 91' lang='lat' dir='ltr'><strong>dominalis</strong></span> <span class='ocrx_word' id='word_1_17' title='bbox 1038 818 1114 880; x_wconf 90' lang='lat' dir='ltr'><strong>erat</strong></span> <span class='ocrx_word' id='word_1_18' title='bbox 1144 809 1198 898; x_wconf 79' lang='lat'><strong>⁸),</strong></span> <span class='ocrx_word' id='word_1_19' title='bbox 1226 830 1246 878; x_wconf 96' lang='lat' dir='ltr'><strong>a</strong></span> <span class='ocrx_word' id='word_1_20' title='bbox 1264 808 1423 880; x_wconf 90' lang='lat' dir='ltr'><strong>dominis</strong></span> 
     </span>
     <span class='ocr_line' id='line_1_5' title="bbox 216 907 1421 1000; baseline -0.004 -12"><span class='ocrx_word' id='word_1_21' title='bbox 216 913 447 988; x_wconf 75' lang='lat' dir='ltr'><strong>terrestribus</strong></span> <span class='ocrx_word' id='word_1_22' title='bbox 466 913 559 986; x_wconf 89' lang='lat' dir='ltr'><strong>hune</strong></span> <span class='ocrx_word' id='word_1_23' title='bbox 576 914 613 984; x_wconf 93' lang='lat' dir='ltr'><strong>in</strong></span> <span class='ocrx_word' id='word_1_24' title='bbox 631 908 735 982; x_wconf 87' lang='lat' dir='ltr'><strong>finem</strong></span> <span class='ocrx_word' id='word_1_25' title='bbox 763 911 838 982; x_wconf 90' lang='lat' dir='ltr'><strong>suis</strong></span> <span class='ocrx_word' id='word_1_26' title='bbox 857 909 1025 984; x_wconf 77' lang='lat' dir='ltr'><strong>sumtibus</strong></span> <span class='ocrx_word' id='word_1_27' title='bbox 1052 907 1286 996; x_wconf 86' lang='lat' dir='ltr'><strong>celebranda;</strong></span> <span class='ocrx_word' id='word_1_28' title='bbox 1313 911 1421 1000; x_wconf 88' lang='lat' dir='ltr'><strong>cujus</strong></span> 
     </span>
     <span class='ocr_line' id='line_1_6' title="bbox 130 1010 1426 1106; baseline -0.004 -17"><span class='ocrx_word' id='word_1_29' title='bbox 130 1065 138 1078; x_wconf 84' lang='lat'>.</span> <span class='ocrx_word' id='word_1_30' title='bbox 218 1013 388 1104; x_wconf 85' lang='lat' dir='ltr'><strong>exordia,</strong></span> <span class='ocrx_word' id='word_1_31' title='bbox 414 1013 659 1088; x_wconf 87' lang='lat' dir='ltr'><strong>Jurisdictioni</strong></span> <span class='ocrx_word' id='word_1_32' title='bbox 683 1010 848 1082; x_wconf 89' lang='lat' dir='ltr'><strong>dominali</strong></span> <span class='ocrx_word' id='word_1_33' title='bbox 867 1014 1077 1102; x_wconf 77' lang='lat' dir='ltr'><strong>conjuncta,</strong></span> <span class='ocrx_word' id='word_1_34' title='bbox 1105 1012 1233 1104; x_wconf 84' lang='lat' dir='ltr'><strong>Regno</strong></span> <span class='ocrx_word' id='word_1_35' title='bbox 1261 1013 1329 1106; x_wconf 87' lang='lat' dir='ltr'><strong>ipsi</strong></span> <span class='ocrx_word' id='word_1_36' title='bbox 1348 1033 1426 1084; x_wconf 91' lang='lat' dir='ltr'><strong>co-</strong></span> 
     </span>
     <span class='ocr_line' id='line_1_7' title="bbox 220 1110 1426 1206; baseline -0.002 -18"><span class='ocrx_word' id='word_1_37' title='bbox 220 1139 311 1190; x_wconf 88' lang='lat' dir='ltr'><strong>aeva</strong></span> <span class='ocrx_word' id='word_1_38' title='bbox 330 1137 434 1206; x_wconf 82' lang='lat' dir='ltr'><strong>esse,</strong></span> <span class='ocrx_word' id='word_1_39' title='bbox 462 1138 565 1192; x_wconf 92' lang='lat' dir='ltr'><strong>nemo</strong></span> <span class='ocrx_word' id='word_1_40' title='bbox 585 1110 783 1206; x_wconf 74' lang='lat' dir='ltr'><strong>ambigebat</strong></span> <span class='ocrx_word' id='word_1_41' title='bbox 801 1112 996 1201; x_wconf 83' lang='lat' dir='ltr'><strong>hactenus3</strong></span> <span class='ocrx_word' id='word_1_42' title='bbox 1023 1112 1184 1204; x_wconf 78' lang='lat' dir='ltr'><strong>eiusdem</strong></span> <span class='ocrx_word' id='word_1_43' title='bbox 1205 1123 1426 1188; x_wconf 86' lang='lat' dir='ltr'><strong>vetustatem</strong></span> 
     </span>
     <span class='ocr_line' id='line_1_8' title="bbox 217 1213 1424 1310; baseline -0.002 -20"><span class='ocrx_word' id='word_1_44' title='bbox 217 1218 319 1290; x_wconf 93' lang='lat' dir='ltr'><strong>Bulla</strong></span> <span class='ocrx_word' id='word_1_45' title='bbox 336 1220 458 1292; x_wconf 88' lang='lat' dir='ltr'><strong>Aurea</strong></span> <span class='ocrx_word' id='word_1_46' title='bbox 476 1219 601 1304; x_wconf 86' lang='lat' dir='ltr'><strong>docet,</strong></span> <span class='ocrx_word' id='word_1_47' title='bbox 629 1235 719 1310; x_wconf 90' lang='lat' dir='ltr'><strong>quac</strong></span> <span class='ocrx_word' id='word_1_48' title='bbox 737 1221 836 1288; x_wconf 84' lang='lat' dir='ltr'><strong>vetat</strong></span> <span class='ocrx_word' id='word_1_49' title='bbox 861 1213 1005 1309; x_wconf 87' lang='lat' dir='ltr'><strong>praedia</strong></span> <span class='ocrx_word' id='word_1_50' title='bbox 1028 1215 1271 1292; x_wconf 72' lang='lat' dir='ltr'><strong>servientium</strong></span> <span class='ocrx_word' id='word_1_51' title='bbox 1289 1215 1424 1288; x_wconf 83' lang='lat' dir='ltr'><strong>discuti</strong></span> 
     </span>
     <span class='ocr_line' id='line_1_9' title="bbox 220 1315 1424 1411; baseline -0.002 -19"><span class='ocrx_word' id='word_1_52' title='bbox 220 1343 242 1392; x_wconf 89' lang='lat' dir='ltr'><strong>a</strong></span> <span class='ocrx_word' id='word_1_53' title='bbox 260 1317 451 1394; x_wconf 88' lang='lat' dir='ltr'><strong>Comitibus</strong></span> <span class='ocrx_word' id='word_1_54' title='bbox 470 1318 698 1392; x_wconf 88' lang='lat' dir='ltr'><strong>Parochianis</strong></span> <span class='ocrx_word' id='word_1_55' title='bbox 728 1315 775 1407; x_wconf 75' lang='lat'><strong>¹³).</strong></span> <span class='ocrx_word' id='word_1_56' title='bbox 806 1315 895 1402; x_wconf 83' lang='lat' dir='ltr'><strong>Quid</strong></span> <span class='ocrx_word' id='word_1_57' title='bbox 912 1337 1002 1390; x_wconf 86' lang='lat' dir='ltr'><strong>vero</strong></span> <span class='ocrx_word' id='word_1_58' title='bbox 1027 1318 1123 1390; x_wconf 84' lang='lat' dir='ltr'><strong>duris</strong></span> <span class='ocrx_word' id='word_1_59' title='bbox 1142 1317 1291 1405; x_wconf 82' lang='lat' dir='ltr'><strong>exinde,</strong></span> <span class='ocrx_word' id='word_1_60' title='bbox 1311 1325 1424 1411; x_wconf 84' lang='lat' dir='ltr'><strong>atque</strong></span> 
     </span>
     <span class='ocr_line' id='line_1_10' title="bbox 169 1416 1424 1514; baseline -0.004 -19"><span class='ocrx_word' id='word_1_61' title='bbox 169 1473 172 1481; x_wconf 87' lang='lat'>-</span> <span class='ocrx_word' id='word_1_62' title='bbox 223 1421 448 1514; x_wconf 85' lang='lat' dir='ltr'><strong>obligationis</strong></span> <span class='ocrx_word' id='word_1_63' title='bbox 467 1421 654 1494; x_wconf 90' lang='lat' dir='ltr'><strong>Dominum</strong></span> <span class='ocrx_word' id='word_1_64' title='bbox 684 1427 891 1492; x_wconf 84' lang='lat' dir='ltr'><strong>terrestrem</strong></span> <span class='ocrx_word' id='word_1_65' title='bbox 918 1419 1087 1491; x_wconf 83' lang='lat' dir='ltr'><strong>manserit</strong></span> <span class='ocrx_word' id='word_1_66' title='bbox 1116 1416 1305 1492; x_wconf 86' lang='lat' dir='ltr'><strong>Varbdcnii</strong></span> <span class='ocrx_word' id='word_1_67' title='bbox 1323 1428 1424 1490; x_wconf 83' lang='lat' dir='ltr'><strong>tem-</strong></span> 
     </span>
     <span class='ocr_line' id='line_1_11' title="bbox 217 1519 1424 1621; baseline -0.002 -27"><span class='ocrx_word' id='word_1_68' title='bbox 217 1544 331 1621; x_wconf 80' lang='lat' dir='ltr'><strong>pore,</strong></span> <span class='ocrx_word' id='word_1_69' title='bbox 358 1524 451 1596; x_wconf 89' lang='lat' dir='ltr'><strong>idem</strong></span> <span class='ocrx_word' id='word_1_70' title='bbox 480 1521 638 1618; x_wconf 84' lang='lat' dir='ltr'><strong>pluribus</strong></span> <span class='ocrx_word' id='word_1_71' title='bbox 663 1520 836 1615; x_wconf 51' lang='lat' dir='ltr'><strong>¹explicuit</strong></span> <span class='ocrx_word' id='word_1_72' title='bbox 865 1522 909 1611; x_wconf 78' lang='lat'><strong>⁶).</strong></span> <span class='ocrx_word' id='word_1_73' title='bbox 937 1520 994 1594; x_wconf 90' lang='lat' dir='ltr'><strong>Ad</strong></span> <span class='ocrx_word' id='word_1_74' title='bbox 1021 1519 1194 1594; x_wconf 75' lang='lat' dir='ltr'><strong>iudcium</strong></span> <span class='ocrx_word' id='word_1_75' title='bbox 1218 1520 1312 1593; x_wconf 88' lang='lat' dir='ltr'><strong>istud</strong></span> <span class='ocrx_word' id='word_1_76' title='bbox 1328 1541 1424 1614; x_wconf 82' lang='lat' dir='ltr'><strong>per-</strong></span> 
     </span>
     <span class='ocr_line' id='line_1_12' title="bbox 217 1620 1422 1716; baseline -0.002 -20"><span class='ocrx_word' id='word_1_77' title='bbox 217 1628 396 1697; x_wconf 88' lang='lat' dir='ltr'><strong>tinuerant</strong></span> <span class='ocrx_word' id='word_1_78' title='bbox 415 1625 686 1700; x_wconf 88' lang='lat' dir='ltr'><strong>controversiae</strong></span> <span class='ocrx_word' id='word_1_79' title='bbox 716 1620 930 1694; x_wconf 91' lang='lat' dir='ltr'><strong>Colonorum</strong></span> <span class='ocrx_word' id='word_1_80' title='bbox 957 1625 1123 1716; x_wconf 80' lang='lat' dir='ltr'><strong>quaevis,</strong></span> <span class='ocrx_word' id='word_1_81' title='bbox 1151 1623 1230 1696; x_wconf 86' lang='lat' dir='ltr'><strong>sive</strong></span> <span class='ocrx_word' id='word_1_82' title='bbox 1258 1621 1338 1695; x_wconf 87' lang='lat' dir='ltr'><strong>illae</strong></span> <span class='ocrx_word' id='word_1_83' title='bbox 1357 1625 1422 1694; x_wconf 92' lang='lat' dir='ltr'><strong>in-</strong></span> 
     </span>
     <span class='ocr_line' id='line_1_13' title="bbox 217 1721 1420 1820; baseline -0.002 -22"><span class='ocrx_word' id='word_1_84' title='bbox 217 1735 274 1798; x_wconf 87' lang='lat' dir='ltr'><strong>ter</strong></span> <span class='ocrx_word' id='word_1_85' title='bbox 302 1745 367 1798; x_wconf 88' lang='lat' dir='ltr'><strong>eos</strong></span> <span class='ocrx_word' id='word_1_86' title='bbox 398 1729 518 1820; x_wconf 86' lang='lat' dir='ltr'><strong>ipsos,</strong></span> <span class='ocrx_word' id='word_1_87' title='bbox 546 1729 625 1798; x_wconf 84' lang='lat' dir='ltr'><strong>sive</strong></span> <span class='ocrx_word' id='word_1_88' title='bbox 653 1725 825 1798; x_wconf 83' lang='lat' dir='ltr'><strong>adversus</strong></span> <span class='ocrx_word' id='word_1_89' title='bbox 845 1721 1038 1812; x_wconf 90' lang='lat' dir='ltr'><strong>Colonum,</strong></span> <span class='ocrx_word' id='word_1_90' title='bbox 1067 1746 1133 1818; x_wconf 88' lang='lat' dir='ltr'><strong>qua</strong></span> <span class='ocrx_word' id='word_1_91' title='bbox 1160 1728 1196 1795; x_wconf 94' lang='lat' dir='ltr'><strong>in</strong></span> <span class='ocrx_word' id='word_1_92' title='bbox 1214 1745 1356 1796; x_wconf 89' lang='lat' dir='ltr'><strong>causam</strong></span> <span class='ocrx_word' id='word_1_93' title='bbox 1373 1725 1420 1796; x_wconf 84' lang='lat' dir='ltr'><strong>ab</strong></span> 
     </span>
     <span class='ocr_line' id='line_1_14' title="bbox 218 1822 1419 1913; baseline -0.004 -13"><span class='ocrx_word' id='word_1_94' title='bbox 218 1835 391 1900; x_wconf 85' lang='lat' dir='ltr'><strong>extraneo</strong></span> <span class='ocrx_word' id='word_1_95' title='bbox 420 1828 637 1913; x_wconf 83' lang='lat' dir='ltr'><strong>adtractum,</strong></span> <span class='ocrx_word' id='word_1_96' title='bbox 665 1829 743 1898; x_wconf 90' lang='lat' dir='ltr'><strong>sive</strong></span> <span class='ocrx_word' id='word_1_97' title='bbox 771 1824 908 1896; x_wconf 90' lang='lat' dir='ltr'><strong>demum</strong></span> <span class='ocrx_word' id='word_1_98' title='bbox 936 1847 956 1896; x_wconf 90' lang='lat' dir='ltr'><strong>e</strong></span> <span class='ocrx_word' id='word_1_99' title='bbox 986 1846 1082 1898; x_wconf 82' lang='lat' dir='ltr'><strong>nexu</strong></span> <span class='ocrx_word' id='word_1_100' title='bbox 1108 1822 1305 1898; x_wconf 87' lang='lat' dir='ltr'><strong>subditelae</strong></span> <span class='ocrx_word' id='word_1_101' title='bbox 1323 1831 1419 1898; x_wconf 85' lang='lat' dir='ltr'><strong>inter</strong></span> 
     </span>
     <span class='ocr_line' id='line_1_15' title="bbox 218 1924 1420 2017; baseline -0.002 -17"><span class='ocrx_word' id='word_1_102' title='bbox 218 1930 404 2002; x_wconf 90' lang='lat' dir='ltr'><strong>Dominum</strong></span> <span class='ocrx_word' id='word_1_103' title='bbox 423 1929 670 2017; x_wconf 83' lang='lat' dir='ltr'><strong>Terrestrem,</strong></span> <span class='ocrx_word' id='word_1_104' title='bbox 699 1935 735 1998; x_wconf 87' lang='lat' dir='ltr'><strong>et</strong></span> <span class='ocrx_word' id='word_1_105' title='bbox 763 1925 936 2000; x_wconf 90' lang='lat' dir='ltr'><strong>Colonum</strong></span> <span class='ocrx_word' id='word_1_106' title='bbox 953 1936 1202 2014; x_wconf 87' lang='lat' dir='ltr'><strong>verterentur;</strong></span> <span class='ocrx_word' id='word_1_107' title='bbox 1234 1924 1420 2000; x_wconf 80' lang='lat' dir='ltr'><strong>Consimili</strong></span> 
     </span>
     <span class='ocr_line' id='line_1_16' title="bbox 219 2028 1418 2126; baseline 0.002 -24"><span class='ocrx_word' id='word_1_108' title='bbox 219 2029 325 2103; x_wconf 86' lang='lat' dir='ltr'><strong>modo</strong></span> <span class='ocrx_word' id='word_1_109' title='bbox 345 2029 482 2104; x_wconf 85' lang='lat' dir='ltr'><strong>Causae</strong></span> <span class='ocrx_word' id='word_1_110' title='bbox 502 2051 643 2126; x_wconf 85' lang='lat' dir='ltr'><strong>quoque</strong></span> <span class='ocrx_word' id='word_1_111' title='bbox 661 2030 883 2120; x_wconf 79' lang='lat' dir='ltr'><strong>criminales,</strong></span> <span class='ocrx_word' id='word_1_112' title='bbox 909 2028 968 2103; x_wconf 91' lang='lat' dir='ltr'><strong>ubi</strong></span> <span class='ocrx_word' id='word_1_113' title='bbox 985 2029 1156 2105; x_wconf 90' lang='lat' dir='ltr'><strong>Dominus</strong></span> <span class='ocrx_word' id='word_1_114' title='bbox 1174 2050 1240 2124; x_wconf 88' lang='lat' dir='ltr'><strong>per</strong></span> <span class='ocrx_word' id='word_1_115' title='bbox 1259 2029 1418 2124; x_wconf 83' lang='lat' dir='ltr'><strong>speciale</strong></span> 
     </span>
     <span class='ocr_line' id='line_1_17' title="bbox 219 2130 875 2231; baseline -0.002 -28"><span class='ocrx_word' id='word_1_116' title='bbox 219 2133 445 2231; x_wconf 77' lang='lat' dir='ltr'><strong>privilegium</strong></span> <span class='ocrx_word' id='word_1_117' title='bbox 460 2133 544 2207; x_wconf 84' lang='lat' dir='ltr'><strong>dure</strong></span> <span class='ocrx_word' id='word_1_118' title='bbox 561 2131 669 2228; x_wconf 80' lang='lat' dir='ltr'><strong>gladii</strong></span> <span class='ocrx_word' id='word_1_119' title='bbox 688 2130 875 2226; x_wconf 80' lang='lat' dir='ltr'><strong>gaudebat.</strong></span> 
     </span>
    </p>
   </div>
   <div class='ocr_carea' id='block_1_3' title="bbox 673 2358 966 2596">
    <p class='ocr_par' dir='ltr' id='par_1_3' title="bbox 673 2358 966 2596">
     <span class='ocr_line' id='line_1_18' title="bbox 740 2358 892 2445; baseline -0.02 -14"><span class='ocrx_word' id='word_1_120' title='bbox 740 2358 777 2445; x_wconf 86' lang='lat'><strong>§.</strong></span> <span class='ocrx_word' id='word_1_121' title='bbox 805 2359 892 2432; x_wconf 85' lang='grc'><strong>744.</strong></span> 
     </span>
     <span class='ocr_line' id='line_1_19' title="bbox 673 2508 966 2596; baseline 0 -16"><span class='ocrx_word' id='word_1_122' title='bbox 673 2508 788 2596; x_wconf 72' lang='lat' dir='ltr'><strong>cmm</strong></span> <span class='ocrx_word' id='word_1_123' title='bbox 812 2509 966 2582; x_wconf 87' lang='lat' dir='ltr'><strong>Forma.</strong></span> 
     </span>
    </p>
   </div>
   <div class='ocr_carea' id='block_1_4' title="bbox 216 2653 1414 2954">
    <p class='ocr_par' dir='ltr' id='par_1_4' title="bbox 216 2653 1414 2954">
     <span class='ocr_line' id='line_1_20' title="bbox 245 2653 1414 2751; baseline -0.003 -23"><span class='ocrx_word' id='word_1_124' title='bbox 245 2683 253 2700; x_wconf 91' lang='lat'><strong>·</strong></span> <span class='ocrx_word' id='word_1_125' title='bbox 319 2653 548 2728; x_wconf 85' lang='lat' dir='ltr'><strong>Praesidebat</strong></span> <span class='ocrx_word' id='word_1_126' title='bbox 574 2663 692 2726; x_wconf 87' lang='lat' dir='ltr'><strong>autem</strong></span> <span class='ocrx_word' id='word_1_127' title='bbox 718 2653 803 2729; x_wconf 89' lang='lat' dir='ltr'><strong>Sedi</strong></span> <span class='ocrx_word' id='word_1_128' title='bbox 821 2657 999 2729; x_wconf 88' lang='lat' dir='ltr'><strong>Domiuali</strong></span> <span class='ocrx_word' id='word_1_129' title='bbox 1017 2655 1078 2730; x_wconf 91' lang='lat' dir='ltr'><strong>vel</strong></span> <span class='ocrx_word' id='word_1_130' title='bbox 1105 2657 1141 2727; x_wconf 93' lang='lat' dir='ltr'><strong>in</strong></span> <span class='ocrx_word' id='word_1_131' title='bbox 1158 2674 1314 2751; x_wconf 89' lang='lat' dir='ltr'><strong>persona</strong></span> <span class='ocrx_word' id='word_1_132' title='bbox 1333 2654 1414 2725; x_wconf 91' lang='lat' dir='ltr'><strong>Do-</strong></span> 
     </span>
     <span class='ocr_line' id='line_1_21' title="bbox 216 2753 1411 2850; baseline -0.002 -20"><span class='ocrx_word' id='word_1_133' title='bbox 216 2759 343 2846; x_wconf 88' lang='lat' dir='ltr'><strong>minus,</strong></span> <span class='ocrx_word' id='word_1_134' title='bbox 364 2757 424 2832; x_wconf 89' lang='lat' dir='ltr'><strong>vel</strong></span> <span class='ocrx_word' id='word_1_135' title='bbox 442 2757 534 2829; x_wconf 88' lang='lat' dir='ltr'><strong>illius</strong></span> <span class='ocrx_word' id='word_1_136' title='bbox 552 2756 760 2848; x_wconf 85' lang='lat' dir='ltr'><strong>Delegrtus,</strong></span> <span class='ocrx_word' id='word_1_137' title='bbox 782 2755 875 2850; x_wconf 86' lang='lat' dir='ltr'><strong>quod</strong></span> <span class='ocrx_word' id='word_1_138' title='bbox 893 2769 1010 2830; x_wconf 88' lang='lat' dir='ltr'><strong>tamen</strong></span> <span class='ocrx_word' id='word_1_139' title='bbox 1029 2781 1073 2830; x_wconf 90' lang='lat' dir='ltr'><strong>eo</strong></span> <span class='ocrx_word' id='word_1_140' title='bbox 1093 2766 1259 2829; x_wconf 88' lang='lat' dir='ltr'><strong>mutatum</strong></span> <span class='ocrx_word' id='word_1_141' title='bbox 1279 2765 1334 2830; x_wconf 90' lang='lat' dir='ltr'><strong>est</strong></span> <span class='ocrx_word' id='word_1_142' title='bbox 1363 2753 1411 2847; x_wconf 67' lang='lat' dir='ltr'><strong>l),</strong></span> 
     </span>
     <span class='ocr_line' id='line_1_22' title="bbox 218 2857 1412 2954; baseline -0.003 -22"><span class='ocrx_word' id='word_1_143' title='bbox 218 2868 257 2932; x_wconf 83' lang='lat' dir='ltr'><strong>ut</strong></span> <span class='ocrx_word' id='word_1_144' title='bbox 274 2879 347 2930; x_wconf 92' lang='lat' dir='ltr'><strong>non</strong></span> <span class='ocrx_word' id='word_1_145' title='bbox 379 2860 485 2928; x_wconf 88' lang='lat' dir='ltr'><strong>liceat</strong></span> <span class='ocrx_word' id='word_1_146' title='bbox 511 2878 665 2950; x_wconf 88' lang='lat' dir='ltr'><strong>nuquam</strong></span> <span class='ocrx_word' id='word_1_147' title='bbox 693 2857 844 2930; x_wconf 88' lang='lat' dir='ltr'><strong>Domino</strong></span> <span class='ocrx_word' id='word_1_148' title='bbox 874 2859 1055 2933; x_wconf 84' lang='lat' dir='ltr'><strong>Terrestri</strong></span> <span class='ocrx_word' id='word_1_149' title='bbox 1081 2860 1288 2954; x_wconf 87' lang='lat' dir='ltr'><strong>praesidere</strong></span> <span class='ocrx_word' id='word_1_150' title='bbox 1316 2861 1358 2929; x_wconf 91' lang='lat' dir='ltr'><strong>iis</strong></span> <span class='ocrx_word' id='word_1_151' title='bbox 1376 2862 1412 2928; x_wconf 93' lang='lat' dir='ltr'><strong>in</strong></span> 
     </span>
    </p>
   </div>
   <div class='ocr_carea' id='block_1_5' title="bbox 111 2958 1415 3054">
    <p class='ocr_par' dir='ltr' id='par_1_5' title="bbox 111 2958 1415 3054">
     <span class='ocr_line' id='line_1_23' title="bbox 111 2958 1415 3054; baseline -0.005 -18"><span class='ocrx_word' id='word_1_152' title='bbox 111 3025 121 3036; x_wconf 84' lang='lat'>.</span> <span class='ocrx_word' id='word_1_153' title='bbox 218 2960 359 3045; x_wconf 83' lang='lat' dir='ltr'><strong>causis,</strong></span> <span class='ocrx_word' id='word_1_154' title='bbox 388 2979 479 3052; x_wconf 88' lang='lat' dir='ltr'><strong>quae</strong></span> <span class='ocrx_word' id='word_1_155' title='bbox 499 2978 539 3030; x_wconf 89' lang='lat' dir='ltr'><strong>se</strong></span> <span class='ocrx_word' id='word_1_156' title='bbox 558 2959 672 3048; x_wconf 90' lang='lat' dir='ltr'><strong>inter,</strong></span> <span class='ocrx_word' id='word_1_157' title='bbox 702 2967 738 3030; x_wconf 90' lang='lat' dir='ltr'><strong>et</strong></span> <span class='ocrx_word' id='word_1_158' title='bbox 756 2959 931 3034; x_wconf 79' lang='lat' dir='ltr'><strong>subditos</strong></span> <span class='ocrx_word' id='word_1_159' title='bbox 949 2972 1159 3051; x_wconf 85' lang='lat' dir='ltr'><strong>vertuntur,</strong></span> <span class='ocrx_word' id='word_1_160' title='bbox 1188 2981 1303 3054; x_wconf 87' lang='lat' dir='ltr'><strong>neque</strong></span> <span class='ocrx_word' id='word_1_161' title='bbox 1321 2958 1415 3031; x_wconf 90' lang='lat' dir='ltr'><strong>illius</strong></span> 
     </span>
    </p>
   </div>
   <div class='ocr_carea' id='block_1_6' title="bbox 186 3058 1414 3982">
    <p class='ocr_par' dir='ltr' id='par_1_6' title="bbox 186 3058 1414 3982">
     <span class='ocr_line' id='line_1_24' title="bbox 218 3058 1414 3154; baseline -0.002 -20"><span class='ocrx_word' id='word_1_162' title='bbox 218 3059 397 3134; x_wconf 84' lang='lat' dir='ltr'><strong>Obiciales</strong></span> <span class='ocrx_word' id='word_1_163' title='bbox 426 3083 536 3154; x_wconf 86' lang='lat' dir='ltr'><strong>agere</strong></span> <span class='ocrx_word' id='word_1_164' title='bbox 563 3058 774 3150; x_wconf 82' lang='lat' dir='ltr'><strong>Cojudices3</strong></span> <span class='ocrx_word' id='word_1_165' title='bbox 811 3086 934 3135; x_wconf 90' lang='lat' dir='ltr'><strong>verum</strong></span> <span class='ocrx_word' id='word_1_166' title='bbox 970 3063 1186 3136; x_wconf 88' lang='lat' dir='ltr'><strong>Praesidium</strong></span> <span class='ocrx_word' id='word_1_167' title='bbox 1223 3063 1414 3134; x_wconf 84' lang='lat' dir='ltr'><strong>Assessori</strong></span> 
     </span>
     <span class='ocr_line' id='line_1_25' title="bbox 219 3160 1410 3258; baseline -0.002 -23"><span class='ocrx_word' id='word_1_168' title='bbox 219 3160 471 3254; x_wconf 88' lang='lat' dir='ltr'><strong>Comitatensi,</strong></span> <span class='ocrx_word' id='word_1_169' title='bbox 501 3165 595 3234; x_wconf 92' lang='lat' dir='ltr'><strong>omni</strong></span> <span class='ocrx_word' id='word_1_170' title='bbox 621 3167 770 3257; x_wconf 88' lang='lat' dir='ltr'><strong>partium</strong></span> <span class='ocrx_word' id='word_1_171' title='bbox 796 3166 912 3237; x_wconf 88' lang='lat' dir='ltr'><strong>studio</strong></span> <span class='ocrx_word' id='word_1_172' title='bbox 944 3169 978 3236; x_wconf 93' lang='lat' dir='ltr'><strong>in</strong></span> <span class='ocrx_word' id='word_1_173' title='bbox 1011 3185 1118 3237; x_wconf 89' lang='lat' dir='ltr'><strong>sensu</strong></span> <span class='ocrx_word' id='word_1_174' title='bbox 1147 3165 1239 3256; x_wconf 82' lang='lat' dir='ltr'><strong>legis</strong></span> <span class='ocrx_word' id='word_1_175' title='bbox 1258 3165 1410 3258; x_wconf 85' lang='lat' dir='ltr'><strong>experti,</strong></span> 
     </span>
     <span class='ocr_line' id='line_1_26' title="bbox 217 3263 1413 3362; baseline 0 -24"><span class='ocrx_word' id='word_1_176' title='bbox 217 3287 284 3362; x_wconf 83' lang='lat' dir='ltr'><strong>per</strong></span> <span class='ocrx_word' id='word_1_177' title='bbox 312 3285 352 3338; x_wconf 86' lang='lat' dir='ltr'><strong>ae</strong></span> <span class='ocrx_word' id='word_1_178' title='bbox 381 3273 499 3338; x_wconf 89' lang='lat' dir='ltr'><strong>tamen</strong></span> <span class='ocrx_word' id='word_1_179' title='bbox 518 3263 721 3356; x_wconf 86' lang='lat' dir='ltr'><strong>deligendo,</strong></span> <span class='ocrx_word' id='word_1_180' title='bbox 744 3267 962 3339; x_wconf 88' lang='lat' dir='ltr'><strong>concredere</strong></span> <span class='ocrx_word' id='word_1_181' title='bbox 988 3266 1138 3354; x_wconf 82' lang='lat' dir='ltr'><strong>debeat3</strong></span> <span class='ocrx_word' id='word_1_182' title='bbox 1167 3266 1292 3338; x_wconf 90' lang='lat' dir='ltr'><strong>additis</strong></span> <span class='ocrx_word' id='word_1_183' title='bbox 1321 3265 1413 3338; x_wconf 89' lang='lat' dir='ltr'><strong>binis</strong></span> 
     </span>
     <span class='ocr_line' id='line_1_27' title="bbox 186 3365 1413 3460; baseline -0.002 -21"><span class='ocrx_word' id='word_1_184' title='bbox 186 3365 193 3372; x_wconf 80' lang='grc'>’</span> <span class='ocrx_word' id='word_1_185' title='bbox 218 3367 313 3439; x_wconf 83' lang='lat' dir='ltr'><strong>Juris</strong></span> <span class='ocrx_word' id='word_1_186' title='bbox 331 3369 475 3460; x_wconf 87' lang='lat' dir='ltr'><strong>peritis,</strong></span> <span class='ocrx_word' id='word_1_187' title='bbox 495 3365 629 3436; x_wconf 88' lang='lat' dir='ltr'><strong>Judiois</strong></span> <span class='ocrx_word' id='word_1_188' title='bbox 647 3365 851 3440; x_wconf 80' lang='lat' dir='ltr'><strong>duramento</strong></span> <span class='ocrx_word' id='word_1_189' title='bbox 872 3369 1059 3440; x_wconf 88' lang='lat' dir='ltr'><strong>adstrictis.</strong></span> <span class='ocrx_word' id='word_1_190' title='bbox 1079 3369 1246 3440; x_wconf 84' lang='lat' dir='ltr'><strong>Accessit</strong></span> <span class='ocrx_word' id='word_1_191' title='bbox 1265 3389 1310 3438; x_wconf 86' lang='lat' dir='ltr'><strong>ex</strong></span> <span class='ocrx_word' id='word_1_192' title='bbox 1329 3366 1413 3436; x_wconf 85' lang='lat' dir='ltr'><strong>odi-</strong></span> 
     </span>
     <span class='ocr_line' id='line_1_28' title="bbox 219 3466 1412 3560; baseline 0.001 -21"><span class='ocrx_word' id='word_1_193' title='bbox 219 3469 275 3540; x_wconf 90' lang='lat' dir='ltr'><strong>cio</strong></span> <span class='ocrx_word' id='word_1_194' title='bbox 306 3489 383 3539; x_wconf 89' lang='lat' dir='ltr'><strong>cunr</strong></span> <span class='ocrx_word' id='word_1_195' title='bbox 401 3468 487 3539; x_wconf 84' lang='lat' dir='ltr'><strong>dure</strong></span> <span class='ocrx_word' id='word_1_196' title='bbox 514 3466 671 3560; x_wconf 81' lang='lat' dir='ltr'><strong>suffragii</strong></span> <span class='ocrx_word' id='word_1_197' title='bbox 696 3468 812 3541; x_wconf 84' lang='lat' dir='ltr'><strong>ludex</strong></span> <span class='ocrx_word' id='word_1_198' title='bbox 838 3469 1013 3542; x_wconf 88' lang='lat' dir='ltr'><strong>Nobilium</strong></span> <span class='ocrx_word' id='word_1_199' title='bbox 1037 3491 1102 3543; x_wconf 91' lang='lat' dir='ltr'><strong>suo</strong></span> <span class='ocrx_word' id='word_1_200' title='bbox 1132 3491 1210 3540; x_wconf 94' lang='lat' dir='ltr'><strong>cum</strong></span> <span class='ocrx_word' id='word_1_201' title='bbox 1235 3469 1412 3560; x_wconf 84' lang='lat' dir='ltr'><strong>Adjuncto</strong></span> 
     </span>
     <span class='ocr_line' id='line_1_29' title="bbox 221 3567 1411 3667; baseline -0.003 -23"><span class='ocrx_word' id='word_1_202' title='bbox 221 3567 324 3644; x_wconf 86' lang='lat' dir='ltr'><strong>simul</strong></span> <span class='ocrx_word' id='word_1_203' title='bbox 341 3571 453 3642; x_wconf 83' lang='lat' dir='ltr'><strong>instar</strong></span> <span class='ocrx_word' id='word_1_204' title='bbox 480 3570 582 3653; x_wconf 83' lang='lat' dir='ltr'><strong>testis</strong></span> <span class='ocrx_word' id='word_1_205' title='bbox 601 3569 751 3663; x_wconf 88' lang='lat' dir='ltr'><strong>publici,</strong></span> <span class='ocrx_word' id='word_1_206' title='bbox 781 3580 817 3641; x_wconf 88' lang='lat' dir='ltr'><strong>et</strong></span> <span class='ocrx_word' id='word_1_207' title='bbox 843 3571 1054 3661; x_wconf 87' lang='lat' dir='ltr'><strong>anthentici,</strong></span> <span class='ocrx_word' id='word_1_208' title='bbox 1082 3581 1270 3667; x_wconf 87' lang='lat' dir='ltr'><strong>praeterea</strong></span> <span class='ocrx_word' id='word_1_209' title='bbox 1287 3571 1411 3652; x_wconf 76' lang='lat' dir='ltr'><strong>bisons</strong></span> 
     </span>
     <span class='ocr_line' id='line_1_30' title="bbox 222 3669 1411 3767; baseline -0.003 -23"><span class='ocrx_word' id='word_1_210' title='bbox 222 3670 492 3759; x_wconf 90' lang='lat' dir='ltr'><strong>Comitatensis,</strong></span> <span class='ocrx_word' id='word_1_211' title='bbox 521 3678 559 3740; x_wconf 94' lang='lat' dir='ltr'><strong>ut</strong></span> <span class='ocrx_word' id='word_1_212' title='bbox 588 3669 732 3742; x_wconf 88' lang='lat' dir='ltr'><strong>Colonis</strong></span> <span class='ocrx_word' id='word_1_213' title='bbox 762 3693 827 3744; x_wconf 86' lang='lat' dir='ltr'><strong>suo</strong></span> <span class='ocrx_word' id='word_1_214' title='bbox 858 3695 922 3767; x_wconf 88' lang='lat' dir='ltr'><strong>pro</strong></span> <span class='ocrx_word' id='word_1_215' title='bbox 950 3695 1095 3745; x_wconf 89' lang='lat' dir='ltr'><strong>munere</strong></span> <span class='ocrx_word' id='word_1_216' title='bbox 1125 3676 1276 3745; x_wconf 89' lang='lat' dir='ltr'><strong>assistat.</strong></span> <span class='ocrx_word' id='word_1_217' title='bbox 1313 3671 1411 3742; x_wconf 88' lang='lat' dir='ltr'><strong>Ibant</strong></span> 
     </span>
     <span class='ocr_line' id='line_1_31' title="bbox 220 3770 1412 3871; baseline -0.002 -27"><span class='ocrx_word' id='word_1_218' title='bbox 220 3773 301 3846; x_wconf 88' lang='lat' dir='ltr'><strong>hinc</strong></span> <span class='ocrx_word' id='word_1_219' title='bbox 328 3770 464 3843; x_wconf 84' lang='lat' dir='ltr'><strong>Causae</strong></span> <span class='ocrx_word' id='word_1_220' title='bbox 493 3774 619 3845; x_wconf 83' lang='lat' dir='ltr'><strong>civiles</strong></span> <span class='ocrx_word' id='word_1_221' title='bbox 634 3773 766 3862; x_wconf 72' lang='lat' dir='ltr'><strong>juxta,</strong></span> <span class='ocrx_word' id='word_1_222' title='bbox 795 3795 836 3844; x_wconf 88' lang='lat' dir='ltr'><strong>ao</strong></span> <span class='ocrx_word' id='word_1_223' title='bbox 864 3772 1065 3848; x_wconf 84' lang='lat' dir='ltr'><strong>Urbariales</strong></span> <span class='ocrx_word' id='word_1_224' title='bbox 1090 3777 1204 3871; x_wconf 88' lang='lat' dir='ltr'><strong>primo</strong></span> <span class='ocrx_word' id='word_1_225' title='bbox 1222 3774 1265 3846; x_wconf 90' lang='lat' dir='ltr'><strong>ad</strong></span> <span class='ocrx_word' id='word_1_226' title='bbox 1283 3771 1412 3848; x_wconf 85' lang='lat' dir='ltr'><strong>Sedem</strong></span> 
     </span>
     <span class='ocr_line' id='line_1_32' title="bbox 221 3871 1410 3982; baseline -0.001 -36"><span class='ocrx_word' id='word_1_227' title='bbox 221 3871 414 3948; x_wconf 86' lang='lat' dir='ltr'><strong>Comitatus</strong></span> <span class='ocrx_word' id='word_1_228' title='bbox 440 3872 665 3954; x_wconf 74' lang='lat' dir='ltr'><strong>iudiciariam</strong></span> <span class='ocrx_word' id='word_1_229' title='bbox 689 3883 760 3982; x_wconf 77' lang='lat' dir='ltr'><strong>turn</strong></span> <span class='ocrx_word' id='word_1_230' title='bbox 783 3875 866 3948; x_wconf 93' lang='lat' dir='ltr'><strong>illae</strong></span> <span class='ocrx_word' id='word_1_231' title='bbox 886 3876 930 3948; x_wconf 89' lang='lat' dir='ltr'><strong>ad</strong></span> <span class='ocrx_word' id='word_1_232' title='bbox 947 3874 1315 3974; x_wconf 84' lang='lat' dir='ltr'><strong>ForaAppellatoria,</strong></span> <span class='ocrx_word' id='word_1_233' title='bbox 1344 3873 1410 3946; x_wconf 92' lang='lat' dir='ltr'><strong>bae</strong></span> 
     </span>
    </p>
   </div>
   <div class='ocr_carea' id='block_1_7' title="bbox 244 4135 1216 4468">
    <p class='ocr_par' dir='ltr' id='par_1_7' title="bbox 244 4135 1216 4468">
     <span class='ocr_line' id='line_1_33' title="bbox 244 4135 1216 4262; baseline 0.005 -74"><span class='ocrx_word' id='word_1_234' title='bbox 244 4137 271 4262; x_wconf 53' lang='grc' dir='ltr'><strong>ἓ)</strong></span> <span class='ocrx_word' id='word_1_235' title='bbox 291 4139 334 4190; x_wconf 86' lang='lat' dir='ltr'><strong>De</strong></span> <span class='ocrx_word' id='word_1_236' title='bbox 352 4137 395 4189; x_wconf 85' lang='lat' dir='ltr'><strong>bis</strong></span> <span class='ocrx_word' id='word_1_237' title='bbox 413 4152 489 4192; x_wconf 79' lang='lat' dir='ltr'><strong>cona.</strong></span> <span class='ocrx_word' id='word_1_238' title='bbox 509 4139 570 4192; x_wconf 82' lang='lat' dir='ltr'><strong>Car.</strong></span> <span class='ocrx_word' id='word_1_239' title='bbox 588 4137 708 4204; x_wconf 78' lang='lat' dir='ltr'><strong>Pfablar‚</strong></span> <span class='ocrx_word' id='word_1_240' title='bbox 725 4139 778 4191; x_wconf 79' lang='lat' dir='ltr'><strong>dua</strong></span> <span class='ocrx_word' id='word_1_241' title='bbox 797 4140 899 4209; x_wconf 78' lang='lat' dir='ltr'><strong>Georg.</strong></span> <span class='ocrx_word' id='word_1_242' title='bbox 919 4143 981 4198; x_wconf 76' lang='lat' dir='ltr'><strong>Sec.</strong></span> <span class='ocrx_word' id='word_1_243' title='bbox 1001 4143 1032 4195; x_wconf 89' lang='lat' dir='ltr'><strong>ll.</strong></span> <span class='ocrx_word' id='word_1_244' title='bbox 1044 4140 1075 4193; x_wconf 87' lang='lat' dir='ltr'><strong>C.</strong></span> <span class='ocrx_word' id='word_1_245' title='bbox 1093 4142 1113 4192; x_wconf 88' lang='lat'><strong>1.</strong></span> <span class='ocrx_word' id='word_1_246' title='bbox 1131 4135 1155 4208; x_wconf 68' lang='lat' dir='ltr'><strong>d.</strong></span> <span class='ocrx_word' id='word_1_247' title='bbox 1173 4137 1216 4193; x_wconf 80' lang='lat'><strong>29.</strong></span> 
     </span>
     <span class='ocr_line' id='line_1_34' title="bbox 246 4221 595 4366; baseline -0.017 1"><span class='ocrx_word' id='word_1_248' title='bbox 246 4221 273 4366; x_wconf 53' lang='lat'><strong>⁶}</strong></span> <span class='ocrx_word' id='word_1_249' title='bbox 289 4225 434 4359; x_wconf 35' lang='lat' dir='ltr'><strong>&amp;ubibo</strong></span> <span class='ocrx_word' id='word_1_250' title='bbox 452 4309 488 4360; x_wconf 81' lang='lat' dir='ltr'><strong>aa</strong></span> <span class='ocrx_word' id='word_1_251' title='bbox 506 4314 534 4361; x_wconf 74' lang='lat' dir='ltr'><strong>a</strong></span> <span class='ocrx_word' id='word_1_252' title='bbox 551 4307 595 4361; x_wconf 83' lang='lat' dir='ltr'><strong>aa</strong></span> 
     </span>
     <span class='ocr_line' id='line_1_35' title="bbox 246 4383 481 4468; baseline 0.004 -27"><span class='ocrx_word' id='word_1_253' title='bbox 246 4383 275 4452; x_wconf 58' lang='grc' dir='ltr'><strong>δ)</strong></span> <span class='ocrx_word' id='word_1_254' title='bbox 293 4389 371 4443; x_wconf 72' lang='lat' dir='ltr'><strong>ease.</strong></span> <span class='ocrx_word' id='word_1_255' title='bbox 390 4391 432 4444; x_wconf 80' lang='lat' dir='ltr'><strong>ro.</strong></span> <span class='ocrx_word' id='word_1_256' title='bbox 479 4463 481 4468; x_wconf 23' lang='grc' dir='ltr'>Ι</span> 
     </span>
    </p>
   </div>
   <div class='ocr_carea' id='block_1_8' title="bbox 0 0 1553 4868">
    <p class='ocr_par' dir='ltr' id='par_1_8' title="bbox 0 0 1553 4868">
     <span class='ocr_line' id='line_1_36' title="bbox 0 0 1553 4868; baseline 0 0"><span class='ocrx_word' id='word_1_257' title='bbox 0 0 1553 4868; x_wconf 95' lang='lat' dir='ltr'><strong> </strong></span> 
     </span>
    </p>
   </div>
  </div>
 </body>
</html>
