<?xml version="1.0" encoding="UTF-8"?>
<!DOCTYPE html PUBLIC "-//W3C//DTD XHTML 1.0 Transitional//EN"
    "http://www.w3.org/TR/xhtml1/DTD/xhtml1-transitional.dtd">
<html xmlns="http://www.w3.org/1999/xhtml" xml:lang="en" lang="en">
 <head>
  <title>
</title>
<meta http-equiv="Content-Type" content="text/html;charset=utf-8" />
  <meta name='ocr-system' content='tesseract 3.04.00' />
  <meta name='ocr-capabilities' content='ocr_page ocr_carea ocr_par ocr_line ocrx_word'/>
</head>
<body>
  <div class='ocr_page' id='page_1' title='image "./conspectusjuris00czirgoog_0200.png"; bbox 0 0 3158 4864; ppageno 0'>
   <div class='ocr_carea' id='block_1_1' title="bbox 700 251 856 339">
    <p class='ocr_par' dir='ltr' id='par_1_1' title="bbox 700 251 856 339">
     <span class='ocr_line' id='line_1_1' title="bbox 700 251 856 339; baseline -0.096 0"><span class='ocrx_word' id='word_1_1' title='bbox 700 251 737 339; x_wconf 66' lang='lat' dir='ltr'>S·</span> <span class='ocrx_word' id='word_1_2' title='bbox 757 253 856 330; x_wconf 81' lang='lat'><strong>202..</strong></span> 
     </span>
    </p>
   </div>
   <div class='ocr_carea' id='block_1_2' title="bbox 554 425 1017 517">
    <p class='ocr_par' dir='ltr' id='par_1_2' title="bbox 554 425 1017 517">
     <span class='ocr_line' id='line_1_2' title="bbox 554 425 1017 517; baseline 0.009 -20"><span class='ocrx_word' id='word_1_3' title='bbox 554 425 600 498; x_wconf 83' lang='lat' dir='ltr'>In</span> <span class='ocrx_word' id='word_1_4' title='bbox 617 429 744 517; x_wconf 75' lang='lat' dir='ltr'>speeie</span> <span class='ocrx_word' id='word_1_5' title='bbox 759 440 1017 504; x_wconf 70' lang='lat' dir='ltr'>summantur.</span> 
     </span>
    </p>
   </div>
   <div class='ocr_carea' id='block_1_3' title="bbox 181 570 1380 1288">
    <p class='ocr_par' dir='ltr' id='par_1_3' title="bbox 181 570 1380 1288">
     <span class='ocr_line' id='line_1_3' title="bbox 282 570 1379 668; baseline -0.003 -19"><span class='ocrx_word' id='word_1_6' title='bbox 282 578 506 650; x_wconf 87' lang='lat' dir='ltr'>Decorantur</span> <span class='ocrx_word' id='word_1_7' title='bbox 542 570 739 646; x_wconf 86' lang='lat' dir='ltr'>honorifico</span> <span class='ocrx_word' id='word_1_8' title='bbox 768 570 882 644; x_wconf 86' lang='lat' dir='ltr'>bocco</span> <span class='ocrx_word' id='word_1_9' title='bbox 910 573 1011 646; x_wconf 92' lang='lat' dir='ltr'>titulo</span> <span class='ocrx_word' id='word_1_10' title='bbox 1043 571 1161 668; x_wconf 84' lang='lat' dir='ltr'>Regni</span> <span class='ocrx_word' id='word_1_11' title='bbox 1186 572 1379 663; x_wconf 86' lang='lat' dir='ltr'>Palatinus,</span> 
     </span>
     <span class='ocr_line' id='line_1_4' title="bbox 181 673 1379 769; baseline -0.007 -15"><span class='ocrx_word' id='word_1_12' title='bbox 181 681 299 754; x_wconf 82' lang='lat' dir='ltr'>ludex</span> <span class='ocrx_word' id='word_1_13' title='bbox 316 677 443 751; x_wconf 84' lang='lat' dir='ltr'>Curiae</span> <span class='ocrx_word' id='word_1_14' title='bbox 462 676 613 769; x_wconf 78' lang='lat' dir='ltr'>Regiae,</span> <span class='ocrx_word' id='word_1_15' title='bbox 632 675 749 748; x_wconf 83' lang='lat' dir='ltr'>banus</span> <span class='ocrx_word' id='word_1_16' title='bbox 767 674 981 765; x_wconf 89' lang='lat' dir='ltr'>Dalmatiae,</span> <span class='ocrx_word' id='word_1_17' title='bbox 1011 673 1189 765; x_wconf 82' lang='lat' dir='ltr'>Oroatiae,</span> <span class='ocrx_word' id='word_1_18' title='bbox 1218 681 1255 746; x_wconf 87' lang='lat' dir='ltr'>et</span> <span class='ocrx_word' id='word_1_19' title='bbox 1273 674 1379 750; x_wconf 85' lang='lat' dir='ltr'>Sela-</span> 
     </span>
     <span class='ocr_line' id='line_1_5' title="bbox 182 773 1380 874; baseline -0.008 -17"><span class='ocrx_word' id='word_1_20' title='bbox 182 788 339 872; x_wconf 86' lang='lat' dir='ltr'>voniae,</span> <span class='ocrx_word' id='word_1_21' title='bbox 368 791 473 874; x_wconf 90' lang='lat' dir='ltr'>atque</span> <span class='ocrx_word' id='word_1_22' title='bbox 492 780 792 867; x_wconf 84' lang='lat' dir='ltr'>Tavernicorum,</span> <span class='ocrx_word' id='word_1_23' title='bbox 821 778 902 850; x_wconf 85' lang='lat' dir='ltr'>dein</span> <span class='ocrx_word' id='word_1_24' title='bbox 927 780 1159 871; x_wconf 82' lang='lat' dir='ltr'>Agaronum,</span> <span class='ocrx_word' id='word_1_25' title='bbox 1189 773 1380 849; x_wconf 81' lang='lat' dir='ltr'>Cubicula-</span> 
     </span>
     <span class='ocr_line' id='line_1_6' title="bbox 185 880 1378 977; baseline -0.004 -20"><span class='ocrx_word' id='word_1_26' title='bbox 185 882 337 974; x_wconf 76' lang='lat' dir='ltr'>ri&#39;orum,</span> <span class='ocrx_word' id='word_1_27' title='bbox 365 881 634 977; x_wconf 86' lang='lat' dir='ltr'>Dapiferorum,</span> <span class='ocrx_word' id='word_1_28' title='bbox 662 881 877 972; x_wconf 81' lang='lat' dir='ltr'>ianitorum,</span> <span class='ocrx_word' id='word_1_29' title='bbox 905 883 1155 953; x_wconf 86' lang='lat' dir='ltr'>Pincernarum</span> <span class='ocrx_word' id='word_1_30' title='bbox 1181 880 1378 976; x_wconf 89' lang='lat' dir='ltr'>Regalium,</span> 
     </span>
     <span class='ocr_line' id='line_1_7' title="bbox 183 982 1379 1081; baseline -0.006 -22"><span class='ocrx_word' id='word_1_31' title='bbox 183 985 381 1081; x_wconf 77' lang='lat' dir='ltr'>Cariaeque</span> <span class='ocrx_word' id='word_1_32' title='bbox 400 985 536 1078; x_wconf 84' lang='lat' dir='ltr'>Regiae</span> <span class='ocrx_word' id='word_1_33' title='bbox 563 984 746 1077; x_wconf 76' lang='lat' dir='ltr'>Magistri,</span> <span class='ocrx_word' id='word_1_34' title='bbox 774 993 845 1056; x_wconf 91' lang='lat' dir='ltr'>tum</span> <span class='ocrx_word' id='word_1_35' title='bbox 864 982 992 1058; x_wconf 85' lang='lat' dir='ltr'>Comes</span> <span class='ocrx_word' id='word_1_36' title='bbox 1015 986 1267 1074; x_wconf 89' lang='lat' dir='ltr'>Posoniensis,</span> <span class='ocrx_word' id='word_1_37' title='bbox 1295 986 1379 1078; x_wconf 89' lang='lat' dir='ltr'>qui-</span> 
     </span>
     <span class='ocr_line' id='line_1_8' title="bbox 181 1086 1379 1178; baseline 0 -17"><span class='ocrx_word' id='word_1_38' title='bbox 181 1089 247 1162; x_wconf 92' lang='lat' dir='ltr'>bus</span> <span class='ocrx_word' id='word_1_39' title='bbox 267 1110 357 1161; x_wconf 86' lang='lat' dir='ltr'>aevo</span> <span class='ocrx_word' id='word_1_40' title='bbox 376 1089 570 1160; x_wconf 79' lang='lat' dir='ltr'>recentiori</span> <span class='ocrx_word' id='word_1_41' title='bbox 599 1089 632 1178; x_wconf 73' lang='lat'>³)</span> <span class='ocrx_word' id='word_1_42' title='bbox 663 1099 869 1163; x_wconf 74' lang='lat' dir='ltr'>accesserat</span> <span class='ocrx_word' id='word_1_43' title='bbox 892 1086 1030 1161; x_wconf 89' lang='lat' dir='ltr'>Nobilis</span> <span class='ocrx_word' id='word_1_44' title='bbox 1056 1087 1207 1160; x_wconf 82' lang='lat' dir='ltr'>Turmae</span> <span class='ocrx_word' id='word_1_45' title='bbox 1225 1086 1379 1161; x_wconf 85' lang='lat' dir='ltr'>Praeto-</span> 
     </span>
     <span class='ocr_line' id='line_1_9' title="bbox 181 1187 1353 1288; baseline -0.004 -23"><span class='ocrx_word' id='word_1_46' title='bbox 181 1195 303 1266; x_wconf 88' lang='lat' dir='ltr'>rianae</span> <span class='ocrx_word' id='word_1_47' title='bbox 323 1187 547 1288; x_wconf 75' lang='lat' dir='ltr'>capitaneus.</span> <span class='ocrx_word' id='word_1_48' title='bbox 1350 1216 1353 1224; x_wconf 94' lang='lat'>·</span> 
     </span>
    </p>
   </div>
   <div class='ocr_carea' id='block_1_4' title="bbox 619 1363 947 1608">
    <p class='ocr_par' dir='ltr' id='par_1_4' title="bbox 619 1363 947 1608">
     <span class='ocr_line' id='line_1_10' title="bbox 708 1363 861 1451; baseline -0.013 -12"><span class='ocrx_word' id='word_1_49' title='bbox 708 1363 745 1451; x_wconf 83' lang='lat'>§.</span> <span class='ocrx_word' id='word_1_50' title='bbox 775 1365 861 1440; x_wconf 78' lang='lat'><strong>203.</strong></span> 
     </span>
     <span class='ocr_line' id='line_1_11' title="bbox 619 1515 947 1608; baseline -0.009 -18"><span class='ocrx_word' id='word_1_51' title='bbox 619 1519 672 1591; x_wconf 86' lang='lat' dir='ltr'>Et</span> <span class='ocrx_word' id='word_1_52' title='bbox 687 1536 762 1608; x_wconf 81' lang='lat' dir='ltr'>qao</span> <span class='ocrx_word' id='word_1_53' title='bbox 783 1515 947 1589; x_wconf 64' lang='lat' dir='ltr'>ardone?</span> 
     </span>
    </p>
   </div>
   <div class='ocr_carea' id='block_1_5' title="bbox 184 1659 1385 2267">
    <p class='ocr_par' dir='ltr' id='par_1_5' title="bbox 184 1659 1385 2267">
     <span class='ocr_line' id='line_1_12' title="bbox 286 1659 1384 1756; baseline 0.005 -24"><span class='ocrx_word' id='word_1_54' title='bbox 286 1663 445 1747; x_wconf 81' lang='lat' dir='ltr'>Quatuor</span> <span class='ocrx_word' id='word_1_55' title='bbox 462 1659 585 1756; x_wconf 88' lang='lat' dir='ltr'>priori</span> <span class='ocrx_word' id='word_1_56' title='bbox 604 1661 686 1732; x_wconf 86' lang='lat' dir='ltr'>loco</span> <span class='ocrx_word' id='word_1_57' title='bbox 706 1661 881 1754; x_wconf 87' lang='lat' dir='ltr'>designati</span> <span class='ocrx_word' id='word_1_58' title='bbox 910 1660 1090 1754; x_wconf 88' lang='lat' dir='ltr'>dignitatis</span> <span class='ocrx_word' id='word_1_59' title='bbox 1110 1661 1234 1736; x_wconf 89' lang='lat' dir='ltr'>ordine</span> <span class='ocrx_word' id='word_1_60' title='bbox 1255 1683 1295 1736; x_wconf 90' lang='lat' dir='ltr'>se</span> <span class='ocrx_word' id='word_1_61' title='bbox 1314 1687 1384 1738; x_wconf 80' lang='lat' dir='ltr'>ex-</span> 
     </span>
     <span class='ocr_line' id='line_1_13' title="bbox 184 1763 1382 1862; baseline 0.003 -28"><span class='ocrx_word' id='word_1_62' title='bbox 184 1765 337 1857; x_wconf 88' lang='lat' dir='ltr'>cipiunt,</span> <span class='ocrx_word' id='word_1_63' title='bbox 367 1784 560 1858; x_wconf 91' lang='lat' dir='ltr'>omnesque</span> <span class='ocrx_word' id='word_1_64' title='bbox 588 1763 680 1833; x_wconf 90' lang='lat' dir='ltr'>alios</span> <span class='ocrx_word' id='word_1_65' title='bbox 698 1765 736 1834; x_wconf 84' lang='lat' dir='ltr'>vi</span> <span class='ocrx_word' id='word_1_66' title='bbox 765 1765 919 1836; x_wconf 88' lang='lat' dir='ltr'>muneris</span> <span class='ocrx_word' id='word_1_67' title='bbox 938 1764 1179 1857; x_wconf 87' lang='lat' dir='ltr'>praecedunt,</span> <span class='ocrx_word' id='word_1_68' title='bbox 1206 1764 1299 1838; x_wconf 89' lang='lat' dir='ltr'>unde</span> <span class='ocrx_word' id='word_1_69' title='bbox 1317 1790 1382 1862; x_wconf 87' lang='lat' dir='ltr'>pro</span> 
     </span>
     <span class='ocr_line' id='line_1_14' title="bbox 184 1863 1384 1958; baseline 0.003 -21"><span class='ocrx_word' id='word_1_70' title='bbox 184 1863 378 1955; x_wconf 86' lang='lat' dir='ltr'>Majoribus</span> <span class='ocrx_word' id='word_1_71' title='bbox 397 1864 720 1958; x_wconf 89' lang='lat' dir='ltr'>RegniBaronibus</span> <span class='ocrx_word' id='word_1_72' title='bbox 739 1863 930 1952; x_wconf 80' lang='lat' dir='ltr'>habentur3</span> <span class='ocrx_word' id='word_1_73' title='bbox 950 1869 1084 1939; x_wconf 90' lang='lat' dir='ltr'>caeteri</span> <span class='ocrx_word' id='word_1_74' title='bbox 1097 1870 1275 1954; x_wconf 39' lang='lat' dir='ltr'>‚rationem</span> <span class='ocrx_word' id='word_1_75' title='bbox 1294 1873 1384 1940; x_wconf 88' lang='lat' dir='ltr'>senii</span> 
     </span>
     <span class='ocr_line' id='line_1_15' title="bbox 186 1966 1385 2066; baseline 0.004 -28"><span class='ocrx_word' id='word_1_76' title='bbox 186 1966 392 2056; x_wconf 83' lang='lat' dir='ltr'>observant,</span> <span class='ocrx_word' id='word_1_77' title='bbox 421 1966 550 2040; x_wconf 82' lang='lat' dir='ltr'>Comes</span> <span class='ocrx_word' id='word_1_78' title='bbox 570 1968 801 2038; x_wconf 89' lang='lat' dir='ltr'>Posoniensis</span> <span class='ocrx_word' id='word_1_79' title='bbox 823 1988 946 2040; x_wconf 91' lang='lat' dir='ltr'>omnes</span> <span class='ocrx_word' id='word_1_80' title='bbox 966 1973 1207 2063; x_wconf 73' lang='lat' dir='ltr'>consequitur,</span> <span class='ocrx_word' id='word_1_81' title='bbox 1235 1972 1385 2066; x_wconf 89' lang='lat' dir='ltr'>ipsoque</span> 
     </span>
     <span class='ocr_line' id='line_1_16' title="bbox 185 2068 1385 2162; baseline 0.007 -23"><span class='ocrx_word' id='word_1_82' title='bbox 185 2071 289 2140; x_wconf 83' lang='lat' dir='ltr'>unice</span> <span class='ocrx_word' id='word_1_83' title='bbox 312 2068 442 2158; x_wconf 90' lang='lat' dir='ltr'>demto,</span> <span class='ocrx_word' id='word_1_84' title='bbox 460 2068 662 2162; x_wconf 88' lang='lat' dir='ltr'>Hungariae</span> <span class='ocrx_word' id='word_1_85' title='bbox 688 2069 887 2143; x_wconf 84' lang='lat' dir='ltr'>Raronatus</span> <span class='ocrx_word' id='word_1_86' title='bbox 914 2093 986 2144; x_wconf 93' lang='lat' dir='ltr'>non</span> <span class='ocrx_word' id='word_1_87' title='bbox 1013 2073 1048 2143; x_wconf 94' lang='lat' dir='ltr'>in</span> <span class='ocrx_word' id='word_1_88' title='bbox 1068 2070 1242 2146; x_wconf 89' lang='lat' dir='ltr'>haeredes</span> <span class='ocrx_word' id='word_1_89' title='bbox 1263 2082 1385 2147; x_wconf 82' lang='lat' dir='ltr'>trans-</span> 
     </span>
     <span class='ocr_line' id='line_1_17' title="bbox 186 2171 782 2267; baseline -0.005 -24"><span class='ocrx_word' id='word_1_90' title='bbox 186 2180 282 2262; x_wconf 89' lang='lat' dir='ltr'>eunt,</span> <span class='ocrx_word' id='word_1_91' title='bbox 311 2171 375 2245; x_wconf 89' lang='lat' dir='ltr'>sed</span> <span class='ocrx_word' id='word_1_92' title='bbox 393 2194 473 2244; x_wconf 93' lang='lat' dir='ltr'>cum</span> <span class='ocrx_word' id='word_1_93' title='bbox 492 2175 566 2244; x_wconf 90' lang='lat' dir='ltr'>vita</span> <span class='ocrx_word' id='word_1_94' title='bbox 587 2173 782 2267; x_wconf 86' lang='lat' dir='ltr'>exspirant.</span> 
     </span>
    </p>
   </div>
   <div class='ocr_carea' id='block_1_6' title="bbox 433 2341 1143 2572">
    <p class='ocr_par' dir='ltr' id='par_1_6' title="bbox 433 2341 1143 2572">
     <span class='ocr_line' id='line_1_18' title="bbox 708 2341 861 2428; baseline 0.007 -15"><span class='ocrx_word' id='word_1_95' title='bbox 708 2343 745 2428; x_wconf 87' lang='lat'>§.</span> <span class='ocrx_word' id='word_1_96' title='bbox 774 2341 861 2418; x_wconf 73' lang='lat'><strong>204.</strong></span> 
     </span>
     <span class='ocr_line' id='line_1_19' title="bbox 433 2471 1143 2572; baseline 0.004 -5"><span class='ocrx_word' id='word_1_97' title='bbox 433 2496 534 2567; x_wconf 84' lang='lat' dir='ltr'>Num</span> <span class='ocrx_word' id='word_1_98' title='bbox 562 2496 675 2564; x_wconf 78' lang='lat' dir='ltr'>etiam</span> <span class='ocrx_word' id='word_1_99' title='bbox 708 2471 842 2570; x_wconf 76' lang='lat' dir='ltr'>Concae</span> <span class='ocrx_word' id='word_1_100' title='bbox 868 2497 1143 2572; x_wconf 78' lang='lat' dir='ltr'>Posom&#39;ensis?</span> 
     </span>
    </p>
   </div>
   <div class='ocr_carea' id='block_1_7' title="bbox 184 2638 1386 3857">
    <p class='ocr_par' dir='ltr' id='par_1_7' title="bbox 184 2638 1386 3857">
     <span class='ocr_line' id='line_1_20' title="bbox 288 2638 1386 2742; baseline 0.01 -33"><span class='ocrx_word' id='word_1_101' title='bbox 288 2640 374 2710; x_wconf 89' lang='lat' dir='ltr'>Eam</span> <span class='ocrx_word' id='word_1_102' title='bbox 397 2640 601 2734; x_wconf 87' lang='lat' dir='ltr'>dignitatem</span> <span class='ocrx_word' id='word_1_103' title='bbox 625 2638 753 2716; x_wconf 74' lang='lat' dir='ltr'>Comiti</span> <span class='ocrx_word' id='word_1_104' title='bbox 772 2645 985 2719; x_wconf 88' lang='lat' dir='ltr'>Posoniensi</span> <span class='ocrx_word' id='word_1_105' title='bbox 1015 2648 1175 2741; x_wconf 87' lang='lat' dir='ltr'>quidam,</span> <span class='ocrx_word' id='word_1_106' title='bbox 1204 2650 1239 2718; x_wconf 91' lang='lat' dir='ltr'>in</span> <span class='ocrx_word' id='word_1_107' title='bbox 1265 2652 1386 2742; x_wconf 90' lang='lat' dir='ltr'>specie</span> 
     </span>
     <span class='ocr_line' id='line_1_21' title="bbox 188 2737 1386 2844; baseline 0.007 -30"><span class='ocrx_word' id='word_1_108' title='bbox 188 2737 424 2814; x_wconf 84' lang='lat' dir='ltr'>Gustermann</span> <span class='ocrx_word' id='word_1_109' title='bbox 453 2741 502 2832; x_wconf 77' lang='lat'>¹’),</span> <span class='ocrx_word' id='word_1_110' title='bbox 539 2745 736 2837; x_wconf 88' lang='lat' dir='ltr'>negandam</span> <span class='ocrx_word' id='word_1_111' title='bbox 763 2747 1023 2838; x_wconf 79' lang='lat' dir='ltr'>existimabant,</span> <span class='ocrx_word' id='word_1_112' title='bbox 1041 2749 1124 2840; x_wconf 89' lang='lat' dir='ltr'>mibi</span> <span class='ocrx_word' id='word_1_113' title='bbox 1143 2759 1259 2822; x_wconf 89' lang='lat' dir='ltr'>tamen</span> <span class='ocrx_word' id='word_1_114' title='bbox 1275 2772 1386 2844; x_wconf 90' lang='lat' dir='ltr'>prae-</span> 
     </span>
     <span class='ocr_line' id='line_1_22' title="bbox 185 2839 1384 2946; baseline 0.008 -32"><span class='ocrx_word' id='word_1_115' title='bbox 185 2839 282 2914; x_wconf 89' lang='lat' dir='ltr'>valet</span> <span class='ocrx_word' id='word_1_116' title='bbox 311 2841 377 2914; x_wconf 89' lang='lat' dir='ltr'>hae</span> <span class='ocrx_word' id='word_1_117' title='bbox 411 2847 447 2916; x_wconf 92' lang='lat' dir='ltr'>in</span> <span class='ocrx_word' id='word_1_118' title='bbox 476 2854 577 2938; x_wconf 89' lang='lat' dir='ltr'>parte</span> <span class='ocrx_word' id='word_1_119' title='bbox 606 2847 797 2920; x_wconf 81' lang='lat' dir='ltr'>Verbbczii</span> <span class='ocrx_word' id='word_1_120' title='bbox 824 2854 1000 2920; x_wconf 88' lang='lat' dir='ltr'>sententia</span> <span class='ocrx_word' id='word_1_121' title='bbox 1030 2853 1076 2940; x_wconf 68' lang='lat' dir='ltr'>e),</span> <span class='ocrx_word' id='word_1_122' title='bbox 1104 2850 1194 2940; x_wconf 89' lang='lat' dir='ltr'>fori,</span> <span class='ocrx_word' id='word_1_123' title='bbox 1221 2850 1384 2946; x_wconf 89' lang='lat' dir='ltr'>legisque</span> 
     </span>
     <span class='ocr_line' id='line_1_23' title="bbox 187 2945 1384 3046; baseline 0.011 -35"><span class='ocrx_word' id='word_1_124' title='bbox 187 2945 396 3022; x_wconf 80' lang='lat' dir='ltr'>auctoritate</span> <span class='ocrx_word' id='word_1_125' title='bbox 415 2949 556 3034; x_wconf 89' lang='lat' dir='ltr'>munita,</span> <span class='ocrx_word' id='word_1_126' title='bbox 585 2949 642 3018; x_wconf 95' lang='lat' dir='ltr'>cui</span> <span class='ocrx_word' id='word_1_127' title='bbox 661 2969 746 3020; x_wconf 87' lang='lat' dir='ltr'>usus</span> <span class='ocrx_word' id='word_1_128' title='bbox 767 2948 975 3022; x_wconf 84' lang='lat' dir='ltr'>Seculorum</span> <span class='ocrx_word' id='word_1_129' title='bbox 1003 2955 1189 3025; x_wconf 88' lang='lat' dir='ltr'>continuus</span> <span class='ocrx_word' id='word_1_130' title='bbox 1215 2951 1298 3046; x_wconf 92' lang='lat' dir='ltr'>lege</span> <span class='ocrx_word' id='word_1_131' title='bbox 1319 2953 1384 3024; x_wconf 86' lang='lat' dir='ltr'>iir-</span> 
     </span>
     <span class='ocr_line' id='line_1_24' title="bbox 186 3041 1384 3142; baseline 0.01 -26"><span class='ocrx_word' id='word_1_132' title='bbox 186 3053 300 3116; x_wconf 90' lang='lat' dir='ltr'>matus</span> <span class='ocrx_word' id='word_1_133' title='bbox 331 3041 364 3136; x_wconf 68' lang='lat'>³)</span> <span class='ocrx_word' id='word_1_134' title='bbox 395 3049 585 3139; x_wconf 88' lang='lat' dir='ltr'>consentit,</span> <span class='ocrx_word' id='word_1_135' title='bbox 614 3069 686 3142; x_wconf 88' lang='lat' dir='ltr'>quo</span> <span class='ocrx_word' id='word_1_136' title='bbox 705 3048 793 3122; x_wconf 88' lang='lat' dir='ltr'>duce</span> <span class='ocrx_word' id='word_1_137' title='bbox 822 3073 951 3122; x_wconf 91' lang='lat' dir='ltr'>nomen</span> <span class='ocrx_word' id='word_1_138' title='bbox 979 3050 1123 3126; x_wconf 82' lang='lat' dir='ltr'>Comitis</span> <span class='ocrx_word' id='word_1_139' title='bbox 1152 3055 1384 3128; x_wconf 87' lang='lat' dir='ltr'>Posoniensis</span> 
     </span>
     <span class='ocr_line' id='line_1_25' title="bbox 185 3147 1385 3253; baseline 0.011 -37"><span class='ocrx_word' id='word_1_140' title='bbox 185 3147 223 3218; x_wconf 92' lang='lat' dir='ltr'>in</span> <span class='ocrx_word' id='word_1_141' title='bbox 250 3148 476 3223; x_wconf 86' lang='lat' dir='ltr'>comitialium</span> <span class='ocrx_word' id='word_1_142' title='bbox 509 3149 743 3222; x_wconf 89' lang='lat' dir='ltr'>Decretorum</span> <span class='ocrx_word' id='word_1_143' title='bbox 775 3152 1038 3242; x_wconf 86' lang='lat' dir='ltr'>conclusione,</span> <span class='ocrx_word' id='word_1_144' title='bbox 1084 3156 1176 3249; x_wconf 90' lang='lat' dir='ltr'>quod</span> <span class='ocrx_word' id='word_1_145' title='bbox 1204 3161 1385 3253; x_wconf 87' lang='lat' dir='ltr'>proprium</span> 
     </span>
     <span class='ocr_line' id='line_1_26' title="bbox 187 3247 1382 3348; baseline 0.007 -32"><span class='ocrx_word' id='word_1_146' title='bbox 187 3247 274 3319; x_wconf 87' lang='lat' dir='ltr'>alias</span> <span class='ocrx_word' id='word_1_147' title='bbox 296 3249 493 3327; x_wconf 81' lang='lat' dir='ltr'>baronibus</span> <span class='ocrx_word' id='word_1_148' title='bbox 514 3250 630 3344; x_wconf 90' lang='lat' dir='ltr'>Regni</span> <span class='ocrx_word' id='word_1_149' title='bbox 655 3275 675 3322; x_wconf 90' lang='lat' dir='ltr'>a</span> <span class='ocrx_word' id='word_1_150' title='bbox 698 3255 829 3327; x_wconf 90' lang='lat' dir='ltr'>seculis</span> <span class='ocrx_word' id='word_1_151' title='bbox 852 3252 997 3348; x_wconf 86' lang='lat' dir='ltr'>obtigit,</span> <span class='ocrx_word' id='word_1_152' title='bbox 1026 3255 1222 3330; x_wconf 83' lang='lat' dir='ltr'>subnexum</span> <span class='ocrx_word' id='word_1_153' title='bbox 1245 3261 1382 3330; x_wconf 88' lang='lat' dir='ltr'>visitur.</span> 
     </span>
     <span class='ocr_line' id='line_1_27' title="bbox 184 3345 1384 3450; baseline 0.008 -34"><span class='ocrx_word' id='word_1_154' title='bbox 184 3345 604 3446; x_wconf 78' lang='lat' dir='ltr'>insuper-praeeunte</span> <span class='ocrx_word' id='word_1_155' title='bbox 635 3353 777 3427; x_wconf 87' lang='lat' dir='ltr'>laudato</span> <span class='ocrx_word' id='word_1_156' title='bbox 798 3356 999 3430; x_wconf 84' lang='lat' dir='ltr'>Verbbenio</span> <span class='ocrx_word' id='word_1_157' title='bbox 1014 3397 1066 3411; x_wconf 86' lang='lat'><em>-</em></span> <span class='ocrx_word' id='word_1_158' title='bbox 1086 3361 1268 3449; x_wconf 87' lang='lat' dir='ltr'>conjicere</span> <span class='ocrx_word' id='word_1_159' title='bbox 1293 3379 1384 3450; x_wconf 88' lang='lat' dir='ltr'>pro-</span> 
     </span>
     <span class='ocr_line' id='line_1_28' title="bbox 186 3451 1383 3556; baseline 0.009 -38"><span class='ocrx_word' id='word_1_160' title='bbox 186 3471 268 3519; x_wconf 91' lang='lat' dir='ltr'>num</span> <span class='ocrx_word' id='word_1_161' title='bbox 289 3459 344 3546; x_wconf 88' lang='lat' dir='ltr'>est</span> <span class='ocrx_word' id='word_1_162' title='bbox 375 3454 428 3543; x_wconf 80' lang='lat'>⁰):</span> <span class='ocrx_word' id='word_1_163' title='bbox 459 3451 629 3528; x_wconf 82' lang='lat' dir='ltr'>Comitem</span> <span class='ocrx_word' id='word_1_164' title='bbox 647 3457 926 3550; x_wconf 87' lang='lat' dir='ltr'>Temesiensem,</span> <span class='ocrx_word' id='word_1_165' title='bbox 956 3471 991 3532; x_wconf 90' lang='lat' dir='ltr'>et</span> <span class='ocrx_word' id='word_1_166' title='bbox 1011 3462 1131 3556; x_wconf 89' lang='lat' dir='ltr'>plures</span> <span class='ocrx_word' id='word_1_167' title='bbox 1156 3457 1269 3528; x_wconf 89' lang='lat' dir='ltr'>adbuc</span> <span class='ocrx_word' id='word_1_168' title='bbox 1286 3458 1383 3529; x_wconf 91' lang='lat' dir='ltr'>limi-</span> 
     </span>
     <span class='ocr_line' id='line_1_29' title="bbox 185 3555 1384 3656; baseline 0.008 -36"><span class='ocrx_word' id='word_1_169' title='bbox 185 3559 368 3623; x_wconf 83' lang='lat' dir='ltr'>taneorum</span> <span class='ocrx_word' id='word_1_170' title='bbox 389 3555 520 3629; x_wconf 89' lang='lat' dir='ltr'>idmodi</span> <span class='ocrx_word' id='word_1_171' title='bbox 543 3561 694 3649; x_wconf 89' lang='lat' dir='ltr'>arcium,</span> <span class='ocrx_word' id='word_1_172' title='bbox 734 3561 1035 3656; x_wconf 82' lang='lat' dir='ltr'>confiniorumque</span> <span class='ocrx_word' id='word_1_173' title='bbox 1064 3559 1284 3648; x_wconf 84' lang='lat' dir='ltr'>Praefectos,</span> <span class='ocrx_word' id='word_1_174' title='bbox 1312 3563 1384 3643; x_wconf 81' lang='lat' dir='ltr'>turn</span> 
     </span>
     <span class='ocr_line' id='line_1_30' title="bbox 185 3648 1384 3756; baseline 0.01 -34"><span class='ocrx_word' id='word_1_175' title='bbox 185 3648 384 3740; x_wconf 83' lang='lat' dir='ltr'>Vajuodam</span> <span class='ocrx_word' id='word_1_176' title='bbox 405 3657 686 3749; x_wconf 81' lang='lat' dir='ltr'>Transilvaniae,</span> <span class='ocrx_word' id='word_1_177' title='bbox 715 3662 804 3734; x_wconf 88' lang='lat' dir='ltr'>alios</span> <span class='ocrx_word' id='word_1_178' title='bbox 827 3672 1015 3756; x_wconf 87' lang='lat' dir='ltr'>praeterea</span> <span class='ocrx_word' id='word_1_179' title='bbox 1033 3661 1263 3752; x_wconf 87' lang='lat' dir='ltr'>Dignitarios,</span> <span class='ocrx_word' id='word_1_180' title='bbox 1284 3665 1384 3734; x_wconf 86' lang='lat' dir='ltr'>varia</span> 
     </span>
     <span class='ocr_line' id='line_1_31' title="bbox 188 3753 1129 3857; baseline 0.01 -36"><span class='ocrx_word' id='word_1_181' title='bbox 188 3760 304 3822; x_wconf 87' lang='lat' dir='ltr'>aetate</span> <span class='ocrx_word' id='word_1_182' title='bbox 328 3753 372 3824; x_wconf 90' lang='lat' dir='ltr'>ad</span> <span class='ocrx_word' id='word_1_183' title='bbox 391 3762 602 3830; x_wconf 87' lang='lat' dir='ltr'>eminentem</span> <span class='ocrx_word' id='word_1_184' title='bbox 621 3759 712 3832; x_wconf 89' lang='lat' dir='ltr'>hanc</span> <span class='ocrx_word' id='word_1_185' title='bbox 731 3763 882 3834; x_wconf 90' lang='lat' dir='ltr'>classem</span> <span class='ocrx_word' id='word_1_186' title='bbox 903 3764 1129 3857; x_wconf 86' lang='lat' dir='ltr'>pertinuisse.</span> 
     </span>
    </p>
   </div>
   <div class='ocr_carea' id='block_1_8' title="bbox 183 3896 390 3911">
    <p class='ocr_par' dir='ltr' id='par_1_8' title="bbox 183 3896 390 3911">
     <span class='ocr_line' id='line_1_32' title="bbox 183 3896 390 3911; baseline 0.005 -1"><span class='ocrx_word' id='word_1_187' title='bbox 183 3896 390 3911; x_wconf 75' lang='lat'><strong>——---—</strong></span> 
     </span>
    </p>
   </div>
   <div class='ocr_carea' id='block_1_9' title="bbox 215 3969 385 4021">
    <p class='ocr_par' dir='ltr' id='par_1_9' title="bbox 215 3969 385 4021">
     <span class='ocr_line' id='line_1_33' title="bbox 215 3969 385 4021; baseline 0 -2"><span class='ocrx_word' id='word_1_188' title='bbox 215 3978 228 4002; x_wconf 78' lang='lat'>²</span> <span class='ocrx_word' id='word_1_189' title='bbox 262 3969 340 4021; x_wconf 80' lang='lat'>176⁵.</span> <span class='ocrx_word' id='word_1_190' title='bbox 359 3970 385 4019; x_wconf 93' lang='grc'>6.</span> 
     </span>
    </p>
   </div>
   <div class='ocr_carea' id='block_1_10' title="bbox 213 4034 619 4230">
    <p class='ocr_par' dir='ltr' id='par_1_10' title="bbox 213 4034 619 4230">
     <span class='ocr_line' id='line_1_34' title="bbox 213 4034 619 4105; baseline 0.022 -18"><span class='ocrx_word' id='word_1_191' title='bbox 213 4036 229 4074; x_wconf 72' lang='grc'>1»</span> <span class='ocrx_word' id='word_1_192' title='bbox 261 4034 324 4103; x_wconf 76' lang='lat' dir='ltr'>ung.</span> <span class='ocrx_word' id='word_1_193' title='bbox 341 4034 498 4105; x_wconf 58' lang='lat' dir='ltr'>&amp;tentaterit</span> <span class='ocrx_word' id='word_1_194' title='bbox 515 4037 537 4105; x_wconf 74' lang='lat' dir='ltr'>t.</span> <span class='ocrx_word' id='word_1_195' title='bbox 558 4039 619 4098; x_wconf 77' lang='lat' dir='ltr'>aab.</span> 
     </span>
     <span class='ocr_line' id='line_1_35' title="bbox 215 4105 440 4162; baseline 0.013 -5"><span class='ocrx_word' id='word_1_196' title='bbox 215 4121 226 4146; x_wconf 79' lang='lat' dir='ltr'>c</span> <span class='ocrx_word' id='word_1_197' title='bbox 260 4107 289 4160; x_wconf 82' lang='grc' dir='ltr'>Ρ.</span> <span class='ocrx_word' id='word_1_198' title='bbox 308 4109 328 4159; x_wconf 89' lang='lat' dir='ltr'>l.</span> <span class='ocrx_word' id='word_1_199' title='bbox 348 4114 379 4162; x_wconf 85' lang='lat' dir='ltr'>tt.</span> <span class='ocrx_word' id='word_1_200' title='bbox 398 4105 440 4160; x_wconf 74' lang='lat' dir='ltr'>sl.</span> 
     </span>
     <span class='ocr_line' id='line_1_36' title="bbox 216 4177 403 4230; baseline 0.016 -3"><span class='ocrx_word' id='word_1_201' title='bbox 216 4177 230 4218; x_wconf 81' lang='lat' dir='ltr'>d</span> <span class='ocrx_word' id='word_1_202' title='bbox 263 4177 342 4228; x_wconf 82' lang='grc'><strong>1687.</strong></span> <span class='ocrx_word' id='word_1_203' title='bbox 361 4179 403 4230; x_wconf 84' lang='grc'>10.</span> 
     </span>
    </p>
   </div>
   <div class='ocr_carea' id='block_1_11' title="bbox 174 4247 503 4310">
    <p class='ocr_par' dir='ltr' id='par_1_11' title="bbox 174 4247 503 4310">
     <span class='ocr_line' id='line_1_37' title="bbox 174 4247 503 4310; baseline 0.009 -15"><span class='ocrx_word' id='word_1_204' title='bbox 174 4297 180 4310; x_wconf 59' lang='grc'>,</span> <span class='ocrx_word' id='word_1_205' title='bbox 216 4259 228 4285; x_wconf 78' lang='lat'><strong><em>⁶</em></strong></span> <span class='ocrx_word' id='word_1_206' title='bbox 261 4247 335 4300; x_wconf 80' lang='lat' dir='ltr'>Mod.</span> <span class='ocrx_word' id='word_1_207' title='bbox 353 4248 398 4302; x_wconf 83' lang='lat' dir='ltr'>olt</span> <span class='ocrx_word' id='word_1_208' title='bbox 416 4247 503 4302; x_wconf 87' lang='lat' dir='ltr'>titulo.</span> 
     </span>
    </p>
   </div>
   <div class='ocr_carea' id='block_1_12' title="bbox 0 0 1587 4864">
    <p class='ocr_par' dir='ltr' id='par_1_12' title="bbox 0 0 1587 4864">
     <span class='ocr_line' id='line_1_38' title="bbox 0 0 1587 4864; baseline 0 0"><span class='ocrx_word' id='word_1_209' title='bbox 0 0 1587 4864; x_wconf 95' lang='lat' dir='ltr'> </span> 
     </span>
    </p>
   </div>
  </div>
 </body>
</html>
