3094 4868
206 243 277 323 194

199 415 345 506 scribit,
375 421 521 492 auctore
547 407 770 484 Fardinando
799 412 851 499 I.,
879 411 939 504 qni
957 402 1281 504 Archi-Episcopis
1307 403 1409 481 Stri-

200 517 431 612 goniensibus
450 516 543 588 hunc
560 513 718 601 titulum,
747 512 1025 606 dignitatemque
1045 518 1269 605 competere,
1299 509 1406 584 editis

199 625 238 692 in
270 642 345 692 rem
377 619 520 690 Litteris
549 619 797 707 recognoscit,
834 636 921 710 quas
959 615 1052 708 Pray
1082 613 1114 702 ⁸)
1149 635 1195 682 ex
1232 611 1404 709 professo

197 741 309 814 agens
349 715 418 792 t'am
457 718 500 791 de
533 716 751 790 cancellaria
777 716 914 808 Regum
948 718 1088 810 priscae
1119 717 1269 802 aetatis,
1298 736 1403 808 quam

200 821 243 892 de
263 825 399 911 summi,
428 829 464 891 et
482 819 675 894 Secretarii
700 815 910 889 cancellarii
928 820 1084 911 origine,
1113 824 1149 886 et
1175 812 1258 890 fatis
1278 816 1404 906 nitide,

198 943 265 1018 pro
284 944 389 996 more
407 941 500 1014 sao,
528 931 565 994 et
583 919 722 994 erudite
741 929 797 994 est
815 928 1080 992 commentatus.

726 1123 763 1212 §.
793 1125 879 1198 652.

425 1273 630 1346 Receatr'or
660 1273 924 1346 Concellorr’oe
949 1275 1180 1345 Auctoritas.

299 1419 354 1494 Ex
373 1441 441 1514 quo
471 1417 633 1491 Viennae
661 1420 780 1493 sedem
805 1421 886 1494 Rex
903 1419 1103 1512 Hungariae
1132 1418 1273 1508 fixerat,
1299 1418 1404 1492 Eun-

198 1523 276 1598 dem
290 1521 508 1594 Cancellaria
528 1544 668 1616 quoque
686 1522 799 1618 Regia
818 1546 862 1596 eo
883 1527 1047 1596 comitata
1066 1531 1143 1608 est;
1163 1530 1404 1615 coeperatque

199 1629 330 1696 sensim
361 1624 438 1712 ejus
465 1620 737 1719 independentia
757 1647 834 1696 cum
853 1623 979 1718 agendi
1005 1633 1184 1718 potestate
1204 1632 1400 1716 temporum

198 1727 327 1814 injuria
341 1726 415 1813 jarn
435 1725 509 1814 jam
529 1723 794 1816 collabescere,
824 1748 901 1798 oum
928 1723 1135 1817 urgentibus
1161 1724 1276 1818 Regni
1295 1725 1404 1798 Ordi-

198 1827 300 1898 nibus
319 1824 383 1897 sub
402 1822 533 1924 Mathia
552 1822 595 1896 ll.
617 1827 767 1920 pristino
795 1830 913 1922 vigori
931 1829 1057 1897 iterum
1077 1829 1239 1898 restituta
1258 1827 1324 1898 luit
1352 1826 1402 1917 h).

197 1925 243 2000 Et
271 1948 341 2022 quo
370 1926 504 1998 firmior
532 1925 702 2024 deinceps
722 1929 912 2019 evaderet,
941 1951 984 1998 oc
1012 1927 1192 2018 stabilior,
1222 1927 1403 1999 decretum

196 2040 405 2125 praeterea:
433 2037 473 2100 ut
500 2029 531 2100 si
559 2051 649 2125 quae
674 2033 710 2102 in
728 2029 835 2103 rebus
860 2031 1086 2122 hungaricis,
1116 2029 1157 2100 ab
1188 2030 1265 2102 aliis
1284 2031 1401 2102 Aulae

196 2131 406 2204 Dicastariis
444 2130 693 2226 expeditiones
723 2132 870 2221 herent,
906 2136 978 2206 vim
1003 2131 1133 2203 nullam
1170 2129 1321 2202 habeant
1353 2133 1399 2221 ⁶).

194 2230 281 2320 His,
310 2240 414 2325 atqua
445 2230 523 2303 aliis
550 2231 688 2326 legibus
720 2230 776 2324 lJ,
812 2233 1191 2328 Instructionibusquo,
1210 2253 1296 2328 quas
1317 2231 1399 2304 edi-

198 2334 324 2404 derunt
343 2332 613 2425 Leopoldus1.,
634 2331 784 2408 Carolus
804 2337 863 2409 Vl.
883 2335 994 2408 Maria
1013 2334 1207 2421 Therasia,
1228 2344 1263 2405 et
1281 2334 1399 2406 Fran-

196 2437 313 2506 cisous
332 2433 359 2504 Ι.
392 2432 634 2506 Cancellariae
664 2441 896 2527 constitutio,
922 2447 1026 2530 atque
1046 2439 1239 2508 auotoritas
1264 2437 1400 2508 innite-

195 2535 318 2623 batur,
348 2535 533 2629 eidemque
564 2557 584 2605 a
612 2537 691 2608 solo
711 2537 812 2633 Rege
832 2539 1065 2634 dependentia
1093 2538 1233 2610 adserta
1253 2537 1319 2608 fuit
1350 2537 1395 2627 ⁶).

195 2636 366 2730 Alioquin
397 2634 545 2708 dubitari
563 2656 635 2708 non
652 2649 794 2734 potest,
823 2640 917 2737 quod
943 2661 1105 2735 suprema
1136 2642 1213 2730 ejus
1233 2639 1397 2728 directio,

197 2746 233 2808 et
252 2739 402 2832 tempori
420 2735 648 2811 accomodata
666 2744 841 2833 regulatio
859 2781 911 2796 -
929 2743 1039 2816 salvis
1060 2739 1200 2835 legibus
1218 2779 1270 2794 --
1287 2761 1399 2836 prae-

198 2839 273 2911 cise
293 2836 338 2909 ad
354 2835 490 2930 Regem
508 2842 730 2934 pertinuerit.

721 3046 758 3138 ὅ.
786 3051 872 3126 653.

609 3197 705 3286 Ejus
735 3201 972 3272 Gonatz‘totz'o.

298 3333 510 3416 Constitutio
540 3343 717 3436 ejusdem,
756 3356 942 3442 antequam
970 3347 1249 3439 dissolveretur,
1276 3351 1324 3421 ita
1355 3367 1396 3420 se

193 3439 380 3517 habuerat:
409 3455 568 3548 utoaput
588 3457 685 3519 esset
705 3443 1039 3522 cancellarius
1067 3451 1248 3544 Regius
1275 3450 1395 3522 Hun-

193 3548 359 3638 garico
387 3545 617 3640 Aulicus,
646 3549 807 3645 idemque
826 3556 1051 3645 negotiorum
1069 3555 1222 3624 omnium
1242 3574 1286 3623 eo
1306 3573 1394 3647 per-

193 3649 377 3720 tinentium
395 3647 608 3723 moderator.
638 3651 711 3724 lsto
740 3653 911 3745 absente,
938 3655 998 3728 vel
1017 3655 1182 3750 impedito
1212 3675 1316 3741 anus,
1334 3652 1395 3726 vel

196 3747 594 3844 quandoque—Rege
635 3756 683 3824 ita
710 3752 1017 3828 volente-bini
1045 3754 1395 3839 Pro-Cancellarii3
1504 3745 1509 3757 “

121 3862 124 3871 “
189 3847 246 3923 his
266 3872 344 3924 aum
363 3848 523 3944 suffragii
544 3855 629 3958 jure
658 3851 883 3948 Consiliorii,
913 3879 1003 3953 quos
1036 3861 1141 3930 etiam
1167 3854 1395 3951 Reseranda-

221 4061 247 4126 ΙΙ)
265 4063 355 4129 Opere
373 4066 406 4118 do
425 4066 511 4132 eigili.
530 4071 598 4135 lieg.
618 4077 645 4122 et
663 4073 762 4140 Regin.
781 4101 814 4114 —-
834 4075 864 4125 b.
884 4071 917 4126 11.
937 4075 966 4126 0.
985 4074 1030 4124 Vl.
1051 4087 1075 4137 p.
1093 4072 1153 4124 112.
1171 4097 1207 4111 -
1226 4075 1286 4128 120.

218 4146 247 4211 l’)
268 4153 344 4204 1608.
364 4153 388 4203 9.
408 4159 436 4204 et
455 4156 498 4206 10.
517 4169 540 4208 a.
558 4169 581 4208 c.
602 4157 741 4215 160111.

221 4235 246 4293 ο)
266 4238 317 4287 cie
337 4239 415 4289 1608.
433 4240 460 4290 9.

221 4317 248 4378 ⁴¹)
269 4322 346 4374 1119.
363 4323 388 4373 9.
407 4352 441 4363 —-
461 4325 538 4376 1563.
557 4325 599 4377 35.
617 4351 652 4362 -·
671 4328 747 4380 1618.
768 4331 794 4380 8.

222 4402 248 4464 ⁰)
267 4405 346 4454 171⁵.
365 4404 504 4468 17.,1711.
525 4411 567 4465 1³.
