3158 4864
1287 191 1359 276 ibi

162 357 242 434 dem
263 356 375 434 nolte
406 360 511 434 etlam
537 355 653 454 Regia
680 359 850 452 Maiestes
887 361 1161 457 blaguiilci:
1201 363 1357 442 comites

162 470 298 552 autem,
327 460 645 556 Spectebilis,
675 483 724 532 ac
750 461 986 556 Magnifici
1022 467 1294 562 compellatione
1320 472 1356 541 in

160 561 309 659 publicis
329 561 613 660 expeditionibus
633 562 806 656 dignatur.

710 764 717 780 .
747 713 833 786 250.

268 839 365 910 Arete
388 841 613 912 Aestrtacoa
639 710 763 927 deee
786 845 936 929 porr'ter
951 843 1038 927 jane
1064 844 1236 916 retortae.

259 957 303 1034 Et
321 961 401 1036 illos
414 963 553 1058 quidem
562 961 696 1034 liberos
713 959 888 1052 Berones,
900 959 1128 1060 comitesque
1146 966 1188 1038 ab
1201 971 1357 1040 austrie-

159 1085 223 1138 cec
251 1068 370 1162 stirpis
388 1065 546 1159 Regibus
571 1064 793 1160 frequentius
819 1068 1026 1139 successive
1055 1071 1228 1140 nominari
1265 1091 1358 1144 sve-

158 1171 271 1257 visae,
299 1172 335 1240 in
362 1171 483 1265 aprico
513 1177 588 1256 est,
615 1167 840 1240 nihilominus
870 1177 906 1240 et
923 1168 1144 1242 Verbbcnius
1169 1174 1243 1262 jam
1269 1172 1306 1243 M
1314 1196 1358 1244 e-

159 1277 342 1364 gnetes,
377 1270 439 1343 vel
465 1268 672 1342 Berones
700 1271 779 1341 solo
805 1271 947 1341 nomine
982 1273 1019 1341 in
1043 1272 1171 1365 Regno
1192 1273 1280 1344 ¹dari
1298 1277 1358 1346 in-

159 1374 234 1444 nuit
264 1374 311 1463 ⁵),
339 1382 375 1444 et
391 1381 535 1466 praeter
553 1379 606 1442 tot
634 1369 842 1442 naturalium
865 1371 1043 1444 Beronum
1059 1373 1216 1447 illustres
1235 1374 1357 1448 Fumi-

158 1473 229 1545 liae
260 1472 323 1546 sub
343 1473 486 1562 Mathia,
515 1482 619 1568 atque
638 1471 817 1544 Uladisleo
844 1472 887 1543 ΙΙ.
921 1474 1142 1564 recensitae,
1173 1498 1358 1569 quarume

159 1597 305 1648 numero
330 1575 549 1672 Bdnfyanum
578 1583 658 1646 actu
693 1595 733 1646 so
766 1573 899 1648 liberos
926 1575 1087 1648 Berones
1121 1576 1164 1648 de
1193 1579 1357 1652 Losoueu

161 1677 318 1750 scribere
346 1678 653 1751 animadvertimus
674 1677 803 1768 (246),
823 1687 859 1749 et
875 1677 1102 1771 Privilegium
1113 1677 1282 1754 Uladislai
1299 1682 1358 1773 IL,

161 1783 220 1874 qui
247 1779 499 1872 Georgium,
526 1789 569 1851 et
593 1778 808 1850 loannem
833 1778 1008 1874 Drdgfy
1034 1783 1071 1852 iu
1096 1790 1236 1854 coctum
1256 1785 1360 1856 simi-

159 1880 479 1953 liumBarouum
504 1877 772 1974 cooptet*),
798 1884 874 1968 vin,
903 1902 1010 1953 acue
1038 1885 1102 1962 uix
1130 1885 1270 1977 quidem
1296 1887 1358 1958 in-

162 1982 319 2054 decisum
349 1982 564 2074 relinquunt,
591 1982 688 2050 initia
706 1978 796 2050 haec
824 1981 927 2054 altius
959 1985 1101 2054 omnino
1133 2004 1217 2056 esse
1244 2009 1357 2082 repe-

161 2082 279 2154 tenda.
835 2119 837 2122 ·

204 2203 243 2289 ⁴³)
266 2205 384 2268 Rarum
398 2204 483 2268 istud
505 2201 702 2284 antiquitatis
724 2201 912 2266 domesticae
935 2205 1151 2268 documentum
1172 2205 1206 2268 iu
1222 2207 1361 2272 Archino

205 2367 207 2372 ¹
246 2292 388 2356 Illustris
425 2292 554 2354 condam
588 2289 651 2352 viri
680 2287 806 2370 Aloysii
834 2288 873 2354 L.
904 2290 939 2356 B.
972 2291 1216 2376 Mednydnszlry
1248 2313 1360 2360 asser-

248 2385 351 2441 vetur.
374 2377 505 2456 Tantus,
527 2395 592 2439 rem
615 2393 737 2437 omnem
759 2376 798 2436 ad
821 2374 926 2438 vivum
954 2385 1143 2456 resecantes,
1166 2379 1210 2442 ita
1232 2379 1362 2446 babent:

248 2464 384 2544 „Animo
408 2462 506 2544 igitur
528 2460 717 2539 deliberato,
741 2468 909 2541 nostraquo
936 2462 1073 2526 adhaec
1096 2472 1179 2526 certe
1201 2470 1362 2532 accedente

250 2551 448 2628 ,‚voluntate,
495 2555 526 2610 et
560 2547 708 2621 scientia,
752 2547 820 2609 Vos
854 2549 1095 2630 (Georgium
1128 2551 1294 2616 scilicet
1324 2563 1361 2618 et

250 2637 461 2714 „Joannem
484 2633 660 2717 Drdgiy)
683 2633 856 2696 Vestras
880 2635 1095 2712 haeredes,
1120 2645 1157 2698 et
1181 2641 1361 2717 posteri-

250 2729 378 2801 „tates
401 2721 619 2783 universos
643 2721 680 2780 de
700 2719 805 2800 regiae
828 2727 955 2781 nostrae
973 2721 1137 2800 potestatis
1157 2723 1361 2802 plenitudine,

250 2816 301 2885 „ct
324 2805 425 2889 gratia
446 2814 556 2869 nostra
572 2804 702 2886 speciali
717 2806 748 2868 iu
771 2805 950 2867 Berones
973 2809 1240 2890 nominemus,
1263 2811 1360 2895 eligi-

250 2912 360 2973 „mus,
392 2899 423 2954 et
451 2911 611 2968 creamus,
634 2891 794 2971 coetuique
818 2891 973 2953 Beronum
996 2895 1224 2975 adscribimus,
1247 2907 1277 2960 et
1301 2919 1361 2960 au-

251 2996 489 3059 „uumeramus,
521 2987 551 3041 et
576 2978 608 3041 in
639 2978 814 3040 evidentius
843 2978 967 3060 signum
996 2976 1093 3062 hujus
1128 2991 1254 3045 nostrae
1288 3005 1363 3067 erga

250 3065 338 3145 „Vos
361 3066 497 3145 gratiae,
520 3072 550 3126 et
572 3064 804 3126 benevolentiae
828 3063 938 3141 Vobis,
961 3065 1111 3145 dictisque
1136 3066 1260 3130 Vestris
1283 3067 1362 3131 bue-

250 3151 416 3231 „redlbus,
439 3158 468 3212 et
490 3149 729 3229 posteritatibus
754 3150 911 3212 universis
934 3148 1008 3212 baec
1031 3170 1133 3228 arma,
1156 3171 1211 3215 seu
1233 3154 1362 3217 Nobili-

250 3239 346 3317 „tatis
374 3236 534 3318 insiguie“
564 3242 619 3298 etc.
650 3234 690 3298 lit
718 3236 813 3315 paulo
843 3235 943 3298 inira:
975 3234 1190 3320 „Adjicientes
1221 3239 1363 3320 insuper,

250 3335 302 3403 „et
324 3331 513 3397 annuentes,
541 3328 576 3384 ut
597 3319 682 3400 Vos,
711 3329 742 3383 et
763 3321 911 3385 universe
942 3324 1111 3401 posteritas
1139 3324 1254 3388 Vestra
1276 3326 1362 3390 libe-

250 3429 341 3489 „rum
373 3426 462 3469 cerae
485 3407 598 3468 rubrae
621 3409 659 3468 ad
694 3406 768 3470 baec
798 3407 936 3490 insignia
964 3410 1164 3489 exprimenda
1188 3432 1298 3490 usum,
1331 3423 1361 3477 et

250 3493 450 3575 „facultatem
480 3491 631 3554 babeatis.
662 3489 746 3554 Une
776 3510 859 3556 cum
890 3495 1069 3556 cacteris
1103 3497 1358 3580 privilegiis,

251 3577 858 3660 „bonoribus,·libertatibus„
891 3577 1245 3658 immunitatibus,
1270 3584 1358 3662 qui-

251 3668 498 3746 „buecunque
519 3660 629 3727 ultae
645 3665 756 3744 paria
779 3664 933 3726 ordinis
949 3682 1150 3745 personae
1170 3668 1210 3729 ia
1231 3667 1360 3753 Regno

251 3763 407 3833 „murtro
430 3750 664 3835 Hunporr'ce
685 3749 859 3826 utuntur,
882 3749 1041 3827 fruuntur,
1064 3758 1094 3813 et
1116 3755 1252 3834 gaudent
1275 3774 1350 3835 quo·

251 3841 364 3918 „modo
387 3837 463 3900 libet
485 3834 621 3921 dejure,
643 3834 694 3897 vel
716 3836 948 3900 consuetudine.
971 3836 1037 3900 lmo
1059 3857 1212 3918 creamus,
1236 3842 1361 3904 adscri-

252 3927 389 4005 „bimus,
411 3924 598 4006 damusque,
620 3923 835 4001 concedimus,
858 3930 888 3986 et
903 3924 1076 4003 ,annuimus
1099 3924 1209 3988 barum
1233 3934 1362 3989 nostra-

252 4031 361 4090 „rum,
385 4009 497 4090 quibus
520 4016 672 4073 secretum
695 4008 838 4090 Sigillum
855 4010 1017 4087 Nostrum,
1042 4029 1101 4091 quo
1125 4019 1162 4073 ut
1183 4011 1249 4074 Ber
1268 4011 1364 4076 Hun-

253 4097 379 4179 ,‚geriae
402 4095 530 4178 utimur,
553 4104 601 4159 est
624 4113 821 4176 appressum,
843 4095 962 4177 vigore,
985 4103 1015 4158 et
1038 4095 1216 4158 testimonio
1239 4095 1364 4161 littere-

253 4203 343 4261 „rum
366 4181 531 4248 mediante.
564 4182 678 4246 Datum
711 4182 815 4271 Budee
846 4182 879 4244 iu
910 4181 1076 4248 Dominica
1105 4181 1283 4250 Palmarum
1305 4187 1349 4250 Aa

161 4311 372 4328 --.--
593 4289 605 4323 ⁶
766 4279 774 4297 ⁵

196 4357 223 4427 ⁸)
241 4360 271 4414 P.
290 4361 311 4412 l.
330 4365 360 4416 tt.
379 4359 424 4416 98·
489 4383 492 4390 ¹
