3158 4864
777 434 784 451 .
817 385 899 456 162.

349 513 613 614 Nequaquam¹
627 531 652 580 c
675 382 879 612 caragmate
899 507 1053 602 feudali
1075 507 1289 599 repetenda.

329 632 526 706 Ostendent
543 633 646 706 nobis
664 633 753 704 haee
769 637 882 721 initia,
902 641 1067 728 quantum
1084 632 1120 704 id
1137 631 1321 706 breuitatis
1338 653 1421 702 eura

177 743 180 748 '
232 736 391 825 admittit,
420 737 472 808 sic
491 739 576 807 satis
597 735 797 808 adumbrata
816 735 959 826 lllilites,
988 731 1082 830 quod
1107 736 1254 829 primum
1272 735 1359 806 viris
1379 733 1423 804 ad

227 859 396 910 verorum
423 835 600 910 Nobilium
628 838 794 909 Ordinem
832 837 1122 931 assurgentibus,
1158 857 1287 908 nomen
1314 856 1422 930 porro

226 941 452 1010 immerserat
480 941 513 1029 ⁸)
546 961 618 1012 non
644 938 757 1012 fuisse
793 939 1062 1035 stipendiarios,
1091 949 1150 1010 aut
1167 940 1422 1027 mercenarios,

226 1063 350 1113 verum
370 1062 446 1111 cum
463 1041 582 1112 Duces
602 1062 687 1112 suos
707 1040 813 1130 ultro,
832 1042 1068 1136 volentesque
1089 1047 1336 1135 sequerentur,
1356 1059 1421 1133 pro
1458 1121 1464 1133 ,

227 1151 400 1215 consueto
422 1144 573 1213 omnium
591 1145 813 1234 migrantium
830 1143 1041 1238 populorum
1060 1139 1224 1234 morell),
1246 1140 1289 1214 ad
1310 1162 1423 1212 occu-

224 1252 327 1341 patas
352 1245 535 1336 Regiones
564 1246 611 1315 ita
638 1245 701 1316 Jus
728 1248 925 1339 quaesitum
944 1243 1107 1336 fovisse,
1135 1255 1173 1316 ut
1195 1246 1296 1335 juxta
1316 1244 1421 1339 paulo

226 1355 309 1418 ante
326 1348 511 1441 repetitam
542 1347 638 1418 Paeti
666 1350 865 1442 primigenii
885 1347 1122 1420 conditionem
1139 1342 1183 1417 ll.
1203 1357 1322 1418 terrae
1342 1348 1421 1418 sin-

227 1447 320 1541 gulis
346 1451 382 1520 in
410 1447 689 1544 perfectam,
734 1472 786 1520 ac
822 1449 1029 1522 liberam
1062 1451 1424 1544 proprietatem

121 1575 125 1594 ¹
227 1549 378 1639 abirent,
406 1550 544 1644 qualem
561 1549 656 1621 luris
675 1551 829 1622 consulti
847 1551 980 1622 Allodii
1005 1550 1276 1644 compellatione
1306 1548 1424 1620 feudis

227 1659 421 1744 opponunt.
449 1652 539 1722 Tota
557 1652 664 1740 igitur
680 1654 816 1723 veteris
835 1650 1014 1723 Historiae
1033 1654 1187 1723 veritate
1205 1653 1243 1739 ii,
1263 1651 1423 1745 quamvis

226 1752 477 1822 numerosi-
494 1749 588 1844 quod
611 1773 701 1846 pace
726 1751 867 1823 illorum
896 1752 1024 1824 dictum
1053 1755 1098 1825 sit
1114 1791 1167 1804 -··
1184 1750 1266 1822 milri
1301 1753 1425 1824 saltem

229 1849 421 1924 deflectere
458 1853 636 1942 videntur,
667 1853 957 1947 quiStatuum
984 1854 1142 1948 Regni
1180 1852 1425 1926 cunabula

226 1953 330 2027 nohis
349 1977 368 2026 a
388 1964 583 2051 systemate
602 1954 733 2026 feudali
754 1955 912 2030 desumto
931 1955 1143 2028 arbitrantur
1160 1952 1206 1998 *⁴*
1235 1954 1284 2046 bJ.

269 2099 308 2186 l)
330 2099 415 2180 lpsis
446 2103 524 2164 adeo
551 2101 740 2165 Germaniae
771 2103 916 2184 populis,
958 2105 1040 2182 apud
1072 2122 1150 2182 quos
1188 2111 1289 2165 tamen
1320 2099 1426 2164 Feuda

314 2187 466 2269 originem
495 2207 604 2264 suem,
646 2209 796 2270 omneque
833 2190 1056 2251 incrementum
1094 2189 1255 2270 reperisse
1286 2205 1427 2263 concors,

310 2270 436 2355 jamque
459 2275 559 2336 evicta
585 2273 790 2336 Eruditorum
821 2283 868 2336 est
897 2272 1124 2356 Sententiae),
1155 2274 1236 2338 idem
1261 2293 1328 2339 moe
1351 2272 1425 2334 olim

314 2358 434 2438 viguit,
469 2361 573 2421 eadem
604 2379 738 2438 prorsus
770 2362 980 2433 consuetudo,
1013 2359 1147 2420 ubertim
1177 2360 1262 2422 istud
1295 2357 1428 2439 explicat

319 2441 453 2506 clariss.
481 2443 657 2506 Vilhelmus
679 2444 766 2506 Koch
791 2463 884 2524 opere
910 2447 949 2506 ad
971 2453 1111 2507 nostram
1133 2444 1312 2508 memoriam
1335 2443 1427 2506 evul-

316 2536 387 2610 gato
410 2527 455 2613 d),
476 2527 510 2589 in
534 2548 593 2609 quo
615 2529 720 2592 lleuda
742 2531 780 2592 ab
804 2549 863 2592 ovo
886 2563 927 2576 -
949 2538 983 2593 ut
1006 2527 1096 2613 ajunt
1120 2566 1155 2576 -
1181 2532 1318 2598 deduxit·

251 2635 312 2722 ll)
334 2638 484 2784 Νιῖῃοεπ
511 2633 607 2720 hujus
643 2637 703 2700 loci
733 2640 800 2701 sive
830 2639 919 2741 initia
952 2638 1128 2741 Feudorum
1156 2638 1422 2784 scurras-letalem

313 2741 470 2885 titt?
489 2727 1217 2888 ilitiofiliiflii:litati?
1228 2725 1423 2885 tiltt‘ttt

316 2897 507 3043 pltetipaatuppr
523 2895 674 2959 bonorum
711 2896 924 2960 nobilitarium
962 2899 1116 2980 agendum
1146 2896 1284 2974 venerit,
1316 2895 1422 2958 sobrio

395 3000 452 3062 gan
508 3024 516 3046 .

760 3115 797 3202 §.
829 3117 912 3190 163.

354 3269 459 3342 Haec
482 3271 658 3358 primitas
682 3265 868 3358 Populum
895 3270 1015 3357 speum
1044 3271 1299 3340 constituerat.

333 3412 452 3506 Atque
470 3412 527 3483 hio
545 3416 697 3507 genuina
717 3415 819 3506 origo
839 3412 1018 3508 querenda
1038 3425 1106 3505 est,
1127 3438 1189 3487 cur
1217 3417 1254 3485 in
1271 3415 1427 3508 primor-

234 3512 300 3586 diis
322 3517 395 3587 suis
416 3515 483 3586 soli
508 3513 672 3605 Nobiles,
701 3526 804 3587 antea
822 3515 966 3606 Milites,
986 3518 1213 3612 proprietatis
1232 3523 1363 3605 terrae,
1384 3516 1427 3588 ad

233 3638 335 3710 quam
354 3617 628 3738 conquirendam
646 3619 751 3692 armis
771 3620 844 3692 suis
864 3621 1140 3706 concurrissent,
1159 3617 1318 3690 inPatria
1335 3639 1426 3715 pos-

236 3761 419 3775 ᾖ

261 3801 289 3870 ·)
307 3807 335 3856 S.
351 3807 446 3872 scopu.
472 3812 507 3861 1).
529 3813 558 3862 Ι..
577 3815 597 3864 l.
616 3812 644 3864 c.
665 3810 689 3867 1.
707 3835 743 3846 -
763 3813 925 3879 explicatius
944 3814 973 3863 8.
1000 3811 1118 3864 Ladlalal
1137 3812 1170 3862 D.
1190 3813 1219 3866 L.
1240 3813 1262 3866 1.
1281 3813 1311 3866 C.
1329 3810 1372 3868 tt.
1392 3841 1424 3852 -

311 3876 435 3929 Verbdce
454 3878 480 3929 ln
498 3882 587 3933 Praei.

261 3941 288 4009 b)
306 3947 408 4001 Eunai).
427 3950 545 4004 Verinus
574 3978 605 3988 -
624 3949 718 4002 Kolldr
736 3956 850 4006 Amoen.
868 3955 928 4005 Jur.
946 3950 1007 4016 pub.
1025 3951 1093 4014 aeg.
1109 3947 1200 4017 flung.
1229 3949 1289 4005 Vol.
1313 3955 1336 4003 1.
1364 3953 1428 4004 Sec.

310 4018 335 4069 3.
356 4018 385 4069 c.
403 4021 426 4070 2.
444 4018 466 4084 d.
486 4024 510 4072 5.
528 4047 563 4056 -
580 4022 652 4085 Pray
669 4023 741 4074 litat
759 4027 827 4082 iter.
845 4026 935 4087 flung.
954 4019 981 4072 in
1000 4025 1055 4070 not.
1076 4033 1169 4084 praev.
1188 4017 1211 4086 d.
1230 4019 1255 4072 4.
1275 4045 1311 4058 -
1336 4029 1364 4076 et
1392 4037 1427 4076 ex

309 4090 439 4153 professo
462 4091 545 4144 ltiiolr.
572 4092 698 4156 Pirluger
715 4097 781 4161 Ung.
800 4085 951 4145 lianderien
969 4093 998 4141 P.
1018 4091 1039 4142 1.
1058 4103 1083 4154 p.
1102 4093 1145 4145 60.
1164 4099 1266 4159 etseq.

262 4152 287 4224 ο)
307 4159 385 4210 Alios
403 4159 451 4211 lut.
468 4162 522 4212 vid,
540 4161 666 4212 Lultdoll.
685 4164 823 4216 Schrader
841 4165 868 4215 in
888 4165 978 4214 Traot„
999 4161 1083 4211 lleud.
1102 4163 1133 4214 Τ.
1163 4165 1187 4218 1.
1213 4178 1237 4226 p.
1256 4167 1280 4215 2.
1301 4164 1330 4215 G.
1348 4165 1375 4214 1.
1394 4163 1428 4212 de

311 4230 380 4296 orig.
399 4233 426 4278 et
446 4231 526 4283 Etim.
544 4235 626 4284 Feud.
644 4233 731 4288 Horo.
749 4233 851 4297 durisp.
878 4234 962 4284 Feud.
993 4232 1021 4282 C.
1041 4235 1065 4283 1.
1085 4229 1107 4295 d.
1128 4233 1170 4287 16.
1189 4229 1282 4295 ateio,
1297 4227 1427 4296 'anabiudi

319 4298 361 4349 tea
377 4296 404 4349 tn
420 4294 576 4424 licutisstmat
595 4297 699 4368 titides
716 4298 879 4369 ietcnrutptea
895 4316 921 4368 p.
940 4303 988 4355 53.
1001 4305 1030 4355 et
1048 4315 1105 4368 aeq.

263 4360 292 4430 d)
309 4360 423 4421 deutur
440 4369 480 4426 tat
523 4366 810 4438 caticumenum
829 4367 1012 4440 niteam.
1031 4373 1163 4428 58-101.
1270 4391 1273 4396 ·
1305 4389 1309 4397 ’
1346 4443 1350 4460 Ι
