3142 4862
704 444 712 461 .
744 391 802 463 16.

523 391 747 607 Honporh'ue
771 516 951 602 subjecta.

239 634 344 711 Ratio
365 645 480 709 autem
500 637 603 730 hujus
625 661 811 736 supremae
829 640 1020 735 potestatis
1040 641 1076 709 in
1093 659 1138 710 co
1158 641 1340 712 consiste-

133 735 205 827 bat,
235 746 275 808 ut
294 741 352 833 qui
370 743 578 835 provinciae
594 743 645 813 illi
664 751 842 814 caeterum
857 742 1011 838 propriis
1029 740 1168 833 legibus
1186 744 1338 814 seorsim

132 838 367 931 gubernatae,
391 842 591 915 immediate
611 853 814 939 praeerant,
831 842 1020 932 Banorum,
1038 840 1187 931 Ducum,
1206 842 1338 915 acRe-

131 961 216 1033 gum
238 963 380 1038 quoque
400 944 501 1015 titulo
531 944 679 1018 subinde
701 953 856 1035 utentes,
885 966 932 1016 ex
959 945 1171 1016 auctoritate
1200 943 1339 1037 Regum

130 1039 340 1136 Hungariae
367 1047 593 1139 imperarent,
622 1058 730 1140 atque
759 1049 838 1118 istis
855 1044 1080 1117 Vasallorum
1101 1047 1213 1118 instar
1246 1043 1340 1117 lide-

129 1142 248 1234 litate,
280 1166 468 1241 annuaque
494 1168 604 1219 censu
627 1147 799 1238 obstricti,
819 1145 1034 1219 auxilaribus
1061 1155 1249 1240 praetcrea
1268 1167 1338 1219 oo-

130 1248 200 1338 piis
223 1244 269 1317 ad
286 1247 463 1319 tutandam
481 1247 720 1320 Monarchiam
738 1270 952 1321 concurrere
972 1246 1223 1339 obligarentur.
1239 1245 1339 1319 Hanc

131 1367 224 1418 sane
240 1346 513 1420 dominitationis
533 1352 689 1444 speciem
707 1359 878 1444 perpetua
898 1351 980 1418 aevi
997 1349 1151 1440 vestigia
1165 1346 1208 1416 ab
1226 1347 1337 1418 Eme-

129 1451 226 1537 rico,
255 1459 290 1520 ct
307 1448 452 1521 Andrea
471 1448 514 1521 ll.
537 1449 580 1521 ad
597 1447 767 1522 Mathiam
791 1469 904 1543 nsque
927 1446 1117 1519 Corvinum
1142 1449 1238 1519 clare
1257 1470 1337 1518 ma-

130 1547 368 1642 nifestant*).
388 1549 488 1623 Unde
508 1551 666 1624 dubitare
691 1551 880 1638 nonlicet,
903 1548 1181 1620 Ramam-vel
1204 1547 1338 1620 siBos-

131 1653 228 1722 niam
245 1654 458 1748 compellare
484 1651 869 1745 mavis—Rungariae
897 1647 1094 1722 clientelari
1113 1651 1195 1740 jure
1221 1649 1336 1721 fuisse

132 1751 341 1842 subjectam,
373 1755 497 1825 demtis
518 1753 609 1826 binis
624 1754 778 1826 Bosniae
799 1753 994 1846 superioris
1013 1747 1242 1822 Comitatibus
1264 1750 1337 1822 Or-

129 1849 293 1943 bacensi,
319 1863 354 1924 ct
371 1853 657 1943 Zrebcrnikensi,
686 1875 775 1947 quos
808 1864 991 1946 utrosque,
1017 1852 1116 1922 velut
1133 1849 1335 1945 llungariae

130 1955 397 2048 incorporatos,
414 1955 560 2046 reliquis
580 1951 1041 2024 ComitatibusVerbdcuius
1071 1952 1103 2040 ⁸)
1122 1961 1335 2048 vetustaque

128 2053 253 2142 Regni
273 2051 480 2122 documenta
513 2050 547 2142 a)
577 2059 780 2123 accensent.

176 2172 217 2256 a)
241 2174 288 2236 nt
308 2172 450 2234 Emerioo
469 2173 552 2254 Rege
571 2173 608 2234 de
627 2172 855 2234 Petarenorum
875 2167 998 2234 haeresi
1020 2166 1151 2254 ejusque
1176 2188 1337 2252 propaga-

223 2260 307 2321 tione
333 2259 507 2320 incusatum
533 2257 652 2321 Banum
674 2255 821 2322 culinum
841 2257 988 2332 nomino,
1011 2257 1049 2317 ad
1074 2273 1108 2316 ee
1135 2272 1239 2317 coram
1258 2255 1337 2320 Sede

220 2343 361 2406 Romana
387 2345 583 2424 purgandum
606 2344 760 2407 invictum
785 2342 903 2420 luisse,
926 2361 943 2404 e
966 2339 1081 2404 litteris
1107 2339 1259 2406 Inocentii
1278 2341 1336 2405 lll.

220 2428 383 2492 Pontihois
414 2432 441 2507 ⁶)
471 2429 693 2511 perspicimus.
725 2429 881 2492 Andream
903 2427 1002 2503 11=··‚
1032 2424 1223 2506 Stephanum
1250 2425 1335 2503 Vm,

222 2513 406 2576 Ledislaum
439 2513 522 2576 ΝιιΙΙὶ
556 2513 661 2578 Bonos
696 2513 811 2578 ibidem
842 2533 901 2578 suo
935 2512 1090 2576 arbitratu
1120 2511 1335 2588 constituisse,

221 2599 367 2662 Historia
389 2608 524 2662 testetur
552 2597 611 2682 ἃ),
634 2619 763 2681 cumque
782 2596 848 2682 jam
870 2600 971 2682 Reges
995 2617 1029 2662 sa
1052 2595 1260 2673 nominarent,
1283 2597 1336 2676 qui

222 2683 369 2747 Boaniem
388 2684 563 2747 immediate
581 2686 751 2766 regebant,
772 2683 806 2744 in
827 2685 930 2763 specie
950 2681 1138 2764 Stephanum
1161 2681 1336 2758 Tvarlro,a

222 2769 291 2831 auis
311 2768 451 2844 electum,
474 2767 656 2832 Ludovicus
677 2770 742 2832 tmu-
764 2767 959 2832 eonirmavit
975 2765 1029 2852 ·);
1052 2765 1190 2830 Mathias
1215 2766 1334 2831 Corvi-

222 2873 283 2916 nus
310 2873 385 2915 vero
407 2853 572 2917 Nicolaum
595 2853 715 2939 Ujlahy
739 2855 778 2915 ed
804 2853 1074 2936 eamdignitutem
1104 2851 1188 2913 ultro
1219 2852 1331 2917 evenit.

223 2939 308 3002 Sileo
325 2939 465 3021 exempla
483 2940 618 3022 reliquo,
640 2961 678 3004 er
699 2937 844 3002 historiis
865 2947 1038 3021 temporum
1056 2938 1197 3018 petenda.

666 3051 703 3138 §.
734 3055 792 3126 17.

600 3180 734 3252 Serota
760 3182 856 3250 atem.

237 3298 373 3372 Eodem
390 3299 585 3373 clientelari
606 3323 714 3390 nexu,
733 3305 821 3374 citra
838 3299 1010 3395 quandam
1027 3298 1170 3389 jurium,
1191 3293 1332 3368 ciuilis-

136 3425 206 3497 que
234 3401 544 3473 administrationis
564 3403 880 3494 participationem,
897 3400 1037 3486 Servia,
1056 3398 1234 3489 Bulgaria,
1253 3395 1332 3466 Va-

134 3503 263 3592 lachia,
284 3514 320 3576 et
336 3501 513 3574 llIcldavia
525 3499 726 3592 Hungariae
745 3498 1021 3590 colligabantur,
1040 3507 1077 3566 ut
1096 3499 1189 3566 enim
1208 3495 1333 3563 diver-

136 3626 197 3676 sas
216 3605 258 3676 ab
277 3603 479 3698 hungaricis
498 3603 600 3695 leges
612 3598 668 3691 ἢ,
697 3604 744 3671 ita
762 3601 944 3692 Principes
965 3597 1107 3668 nonnisi
1131 3616 1178 3664 ex
1194 3592 1333 3684 Regum

117 3703 337 3799 ‘liungariae
358 3705 542 3778 voluntate
572 3701 758 3791 habebant,
777 3720 867 3796 quos
883 3736 934 3752 —
951 3719 991 3768 re
1011 3699 1063 3769 sic
1090 3703 1263 3792 poscente
1280 3729 1333 3742 -

137 3809 247 3878 milite
277 3806 446 3896 adjuvare
465 3805 670 3878 debuerunt.
699 3803 834 3900 Excipe
851 3799 1076 3874 nihilominus
1092 3819 1169 3871 eam
1181 3797 1332 3874 Serviae

165 3973 192 4082 p)
211 3975 273 4095 git.
291 3982 380 4032 veter.
398 3979 497 4031 comlt.
516 3977 599 4033 (total.
618 3967 700 4041 corp.
717 3977 777 4030 tur.
795 3973 956 4028 subnexum.

169 4043 195 4180 el
212 4044 669 4180 Ababalhullhutbhbtlllhhohlrlll
687 4045 813 4170 l‘ohblet
835 4128 876 4179 ap.
895 4114 966 4178 Prey
983 4123 1044 4164 auu.
1063 4110 1130 4176 liet.
1147 4106 1237 4171 fluor·
1256 4106 1287 4154 Τ·
1306 4104 1333 4157 ¹·

168 4252 197 4321 d)
215 4187 344 4308 berall-ba
364 4257 413 4323 op.
430 4257 477 4312 cit·
496 4271 511 4309 a
531 4269 589 4324 pag.
607 4251 728 4309 49.-60.
1319 4228 1325 4242 ⁸

168 4325 195 4392 ·)
213 4327 288 4380 idem
306 4340 367 4393 pag.
385 4325 429 4384 at.

1060 4381 1135 4458 3}
