3138 4858
1295 199 1345 278 83

147 359 425 436 ordinationibus
444 381 510 434 usu
528 365 709 456 continuo,
743 387 808 461 per
837 360 957 440 secula
987 385 1060 436 non
1090 373 1340 462 controverso,

146 463 307 558 publicae
325 486 397 536 non
414 467 527 540 minus
557 468 811 561 tranquillitati,
840 489 942 562 qnam
959 468 1178 560 privatorum
1197 476 1339 546 securi-

146 570 221 655 tati,
250 575 286 637 'et
303 567 548 661 reprimendae
567 590 702 641 morum
725 569 948 664 corruptelae
967 573 1219 664 prospexiss03
1250 596 1344 645 con-

145 677 199 738 tra
226 690 269 738 ac
285 671 465 740 numerosi
484 690 570 742 sane
588 671 807 766 popularium
824 691 982 741 meorum
1000 692 1113 765 nuper
1130 677 1344 746 contrarium

147 773 322 840 sustinere
342 771 538 865 coeperint,
560 783 665 868 atque
689 775 820 844 nostris
839 775 945 844 etiam
963 770 1085 844 diebus
1108 786 1344 870 propugnant,

145 869 300 942 Historia
331 883 435 966 utque
454 871 589 966 Legum
616 876 771 968 vestigia
787 872 953 969 pandunt.
989 871 1090 944 Hunc
1118 875 1280 968 equidem
1306 880 1343 949 in

146 969 251 1043 linem
278 972 488 1048 accomodas
523 975 789 1069 praescribebat
822 974 979 1067 Regulus
1014 995 1080 1069 pro
1110 972 1341 1068 Censorinus,

146 1071 465 1169 Revisoribusque,
502 1097 567 1148 suo
587 1075 728 1148 delectu
745 1077 947 1168 nominatis,
984 1077 1043 1169 qni
1062 1075 1200 1167 Libros,
1218 1078 1342 1174 Ephe-

146 1174 312 1266 merides,
341 1187 377 1248 et
404 1197 495 1270 quae
521 1179 600 1250 istis
628 1178 754 1250 similia
783 1187 876 1266 sunt,
902 1176 1137 1267 reviderent,
1174 1200 1242 1252 nec
1270 1201 1344 1253 non

145 1275 334 1350 litterarias
363 1275 550 1366 Officinas,
579 1300 665 1374 quas
693 1300 800 1373 supra
827 1278 1084 1350 nominavimus
1113 1281 1226 1372 (455)
1252 1283 1345 1354 varii

147 1383 290 1470 generis
319 1381 627 1474 pervestigarent3
656 1401 701 1450 no
721 1373 1011 1474 tamenlerbitrio,
1039 1378 1189 1475 hincque
1221 1380 1344 1454 abusui

148 1502 233 1552 ansa
250 1490 461 1576 praestaret,
497 1484 636 1574 quoties
657 1478 837 1570 cujusdam
858 1477 1111 1552 lucubrationis
1141 1503 1213 1554 non
1238 1483 1344 1578 plane

149 1579 276 1653 obviae
305 1582 600 1655 considerationis
636 1579 826 1676 prohibitio
853 1583 890 1652 in
926 1584 1148 1674 questionem
1188 1588 1342 1675 veniret,

148 1681 300 1777 desuper
319 1684 422 1755 altius
446 1683 561 1755 iorum
580 1683 771 1756 decideret.
799 1680 919 1753 Verbo
937 1693 1067 1753 utrem
1093 1687 1206 1778 ipsam
1226 1689 1344 1778 signi-

148 1781 311 1859 ficatione
339 1787 490 1860 nominis
521 1790 694 1874 vestiam,
743 1782 902 1862 Censura
930 1783 972 1854 ab
1002 1788 1217 1857 auctoritate
1241 1791 1342 1880 regia

148 1883 351 1979 dependens
377 1887 493 1956 locum
521 1884 702 1974 habuerat,
730 1906 832 1980 quam
849 1887 1212 1979 praeventivam
1239 1911 1341 1960 com-

147 1986 284 2080 pellare
301 1990 338 2059 in
355 2007 490 2057 morem
509 1983 602 2057 abiit.

675 2189 709 2276 ὃ.
739 2189 828 2262 461.

520 2337 747 2428 Represerba
771 2339 960 2408 succeseit.

250 2483 488 2556 Praeventiva
505 2480 572 2552 hac
589 2505 739 2554 censura
767 2483 859 2578 legis
879 2483 983 2555 effato
1015 2483 1047 2574 ¹)
1079 2485 1341 2580 inperpetuum

75 2661 77 2663 ,
149 2584 332 2678 abrogata,
360 2583 427 2654 alia
446 2583 528 2653 huic
562 2605 684 2654 norma
710 2587 905 2673 successit,
934 2597 1138 2657 censura
1175 2585 1345 2658 videlicet

147 2687 462 2781 repressiva,
490 2706 594 2778 quac,
621 2684 786 2778 adaperta
813 2684 926 2780 praeli
954 2685 1141 2777 libertate,
1168 2691 1343 2760 neminem

147 2788 303 2883 impedit,
333 2789 517 2883 quominus
537 2809 697 2883 quaeque
716 2787 870 2877 libuerit,
890 2789 1039 2882 imprimi
1057 2787 1192 2880 iacere,
1222 2812 1263 2861 ac
1282 2789 1343 2862 di-

148 2889 296 2980 vulgare
320 2898 435 2984 queat.
464 2889 697 2960 Nihilominus
716 2911 852 2985 poenas
881 2888 1073 2962 sanciendo
1091 2912 1157 2986 pro
1178 2892 1256 2980 eis,
1285 2893 1345 2987 qui

149 2987 216 3059 hac
232 2987 394 3060 libertate
414 2988 508 3060 abuti
539 2993 710 3084 comperti
728 2986 917 3092 fuerint*).
1355 2989 1359 2996 ’

191 3110 229 3194 2¹³)
252 3107 369 3172 Utrae
399 3109 482 3172 binis
513 3110 598 3173 hisce
621 3110 675 3172 lini
697 3111 800 3172 omnis
831 3110 1066 3176 constitutionis
1094 3111 1217 3190 civilis,
1248 3110 1345 3174 saluti

235 3193 359 3273 quippe,
382 3194 659 3276 tranquillitatique
683 3195 838 3258 communi
857 3193 967 3280 juxte,
991 3216 1025 3258 ac
1047 3196 1241 3276 privatorum
1265 3181 1373 3259 con-x

235 3278 339 3338 veniat
361 3278 471 3358 magis,
494 3299 533 3342 en
557 3280 974 3362 praeventivealioquinnec
995 3283 1099 3364 rigida
1120 3281 1203 3344 ultra
1225 3301 1342 3344 neees—
1372 3335 1375 3340 .

160 3357 164 3372 '
234 3363 376 3439 citatem,
399 3381 454 3424 nec
477 3363 545 3426 lexa
567 3367 680 3442 nimis,
702 3368 757 3428 sed
780 3366 854 3444 ille,
878 3388 955 3448 quae
982 3368 1143 3450 vigilando
1167 3367 1347 3447 antevertit,

234 3468 272 3511 ne
288 3467 506 3528 perversorum
524 3451 735 3512 doctrinarum
755 3451 842 3512 virus
858 3453 981 3514 callidis
1000 3453 1181 3532 plerumque
1198 3453 1346 3515 vestitum

163 3561 165 3566 ’
235 3533 392 3599 illecabris
415 3533 506 3615 longe
528 3535 648 3616 lateque
683 3536 890 3614 diffundetur,
918 3555 996 3616 quae
1010 3545 1096 3598 arcet
1118 3537 1238 3599 ocultos
1256 3536 1346 3598 sodi-

234 3620 372 3700 tionum‚
394 3621 613 3701 variorumque
636 3621 786 3683 scelerum
810 3621 961 3700 lautores,
974 3629 1004 3686 ct
1026 3621 1174 3699 asseclas,
1194 3640 1234 3700 nc
1251 3622 1345 3706 impie

235 3705 429 3788 religionem,
451 3701 652 3768 auctoritates
675 3706 841 3788 legitimas,
861 3705 936 3790 jure
950 3707 1164 3788 proprietatis,
1186 3707 1347 3787 volquae-

236 3810 312 3871 quoe
335 3791 486 3852 bonorum
509 3791 646 3854 omnium
663 3789 879 3871 consensione,
900 3801 930 3855 et
946 3811 1097 3876 paoepro
1116 3793 1347 3855 sacro-sanctis

235 3876 404 3952 habentur,
444 3876 659 3939 calumniando
688 3877 853 3958 impetere,
888 3876 990 3940 velato
1020 3877 1184 3940 fallacibus
1213 3876 1348 3956 argutiis

237 3961 427 4041 sophismate
449 3961 551 4042 palam
574 3963 726 4026 lacescere
740 3972 867 4043 queant;
892 3982 968 4043 quae
985 3960 1191 4043 obices'ponit
1206 3962 1347 4024 malevo-

236 4046 286 4123 lis,
309 4053 343 4107 ut
365 4046 485 4108 semina
507 4047 699 4110 diffidentiae
722 4067 888 4129 spargere,
912 4047 1094 4129 ignorantes
1117 4049 1270 4127 decipere,
1293 4047 1347 4108 in-

236 4140 324 4194 cauto
344 4132 489 4196 credulos
511 4133 716 4198 damnabilem
738 4135 770 4198 in
797 4133 953 4216 'gurgitem
977 4133 1204 4215 praecipitare,
1234 4133 1347 4194 bonam

156 4262 351 4276 -————-

181 4330 483 4398 mm-mm

1075 4337 1314 4488 θϊ,
