3122 4852
1207 224 1457 314 Ι131,

167 396 270 474 bouis
298 387 446 488 iactam,
480 396 650 471 hacteuus
678 395 742 470 luit
768 392 952 484 invenire,
979 415 1069 489 quae
1097 394 1220 470 similis
1259 399 1367 474 iusti·
1477 431 1481 438 ·

168 505 233 574 tuti
253 505 468 576 mentionem
502 498 620 575 faciat.

686 650 724 735 §-
752 649 836 721 541.
929 607 931 612 ⁸

533 797 740 870 Dz'luantur
767 811 999 887 assumento.

269 945 383 1040 Magis
421 943 514 1016 lorte
559 945 703 1016 elevare
752 952 910 1016 nostram
937 947 1122 1040 opioncm
1160 945 1367 1040 quibusdam

165 1047 344 1120 videbitur
361 1045 529 1120 articulus
549 1046 735 1118 comitialis
766 1040 810 1147 ⁸),
837 1045 922 1118 Jura
941 1067 1140 1120 memorans
1160 1049 1202 1120 ab
1222 1053 1365 1146 antiquo

167 1147 373 1222 banderiata
389 1148 446 1240 ⁴⁵),
472 1149 565 1220 hunc
594 1160 712 1220 tamen
729 1148 778 1236 id,
806 1153 907 1242 quasi
932 1148 1035 1220 bonis
1055 1152 1142 1246 ipsis
1167 1173 1215 1222 ex
1245 1152 1366 1224 indole

169 1273 232 1322 sua
251 1252 465 1325 inhaesisset
491 1250 654 1323 distincta
694 1249 865 1346 quaedam
895 1249 1090 1341 educendi,
1128 1254 1366 1349 servandique

167 1353 333 1426 Banderii
380 1354 569 1443 conditio,
622 1373 843 1448 nequaquam
887 1353 1154 1445 subintelligere
1189 1360 1366 1448 potuisse,

167 1468 311 1552 praeter
341 1464 549 1551 perpetuum
583 1453 670 1526 illud
708 1455 885 1528 silentium
923 1455 966 1526 de
992 1454 1110 1526 simili
1152 1476 1287 1547 onere,
1323 1459 1368 1529 ad

169 1569 285 1630 certas
314 1558 477 1647 familias,
505 1565 564 1628 aut
592 1555 685 1628 bona
705 1557 916 1630 secularium
935 1577 1013 1644 usu,
1039 1558 1100 1629 vel
1113 1562 1366 1632 constitutione

169 1660 316 1753 quadam
336 1671 501 1749 extenso,
529 1663 566 1731 in
583 1662 736 1734 vetustis
757 1663 870 1732 omnis
893 1661 974 1731 aevi
993 1655 1212 1731 documentis
1236 1660 1368 1734 obser-

166 1772 296 1851 vatum,
325 1770 602 1834 commonstrant
634 1761 736 1854 leges
765 1761 887 1858 ipsae,
943 1761 1117 1832 sanctioni
1150 1765 1368 1858 praecitatae

166 1867 349 1956 proximae
379 1863 435 1958 b),
472 1885 561 1956 quae
590 1861 722 1934 Gentes
752 1863 795 1933 de
829 1863 932 1934 bonis
957 1861 1247 1934 Banderiatcrum
1277 1865 1368 1961 apud

168 1963 329 2048 Nobiles,
355 1963 529 2033 Banderia
558 1983 631 2032 non
657 1962 847 2050 habentes,
874 1965 910 2033 in
939 1966 1090 2056 pignore
1127 1965 1366 2052 existentium,

170 2064 212 2134 de
232 2064 337 2136 bonis
356 2066 440 2134 item
465 2063 641 2133 Beronum
658 2066 734 2135 siue
754 2063 909 2135 haerede
929 2061 1173 2134 decedentium
1192 2087 1265 2139 non
1287 2089 1367 2138 am-

168 2167 259 2260 plius
279 2163 559 2256 distinguendas,
588 2160 652 2235 sed
672 2188 749 2236 cum
765 2163 913 2258 reliquis
935 2163 1213 2239 commiscendos
1233 2167 1365 2239 decer-

84 2285 88 2291 ·
133 2273 261 2338 “nunt
290 2261 352 2337 Illa
372 2270 489 2363 itaque
508 2268 612 2338 unius
629 2267 735 2360 legis,
763 2268 923 2361 nuspiam
951 2263 1032 2335 alibi
1059 2272 1299 2359 recurrentis,
1328 2279 1364 2340 et

164 2379 340 2463 utcunque
375 2369 536 2461 ambigua
572 2367 807 2463 dispositione
843 2367 879 2438 id
905 2365 999 2439 forte
1027 2364 1185 2459 Majores
1218 2381 1363 2444 nostros

166 2471 322 2544 statuere
339 2471 500 2542 voluisse
518 2491 615 2558 reor,
644 2470 737 2564 quod
756 2469 1035 2558 ecclesiasticos,
1063 2474 1121 2563 qui
1145 2470 1232 2544 Jura
1255 2494 1365 2545 secu·-

82 2603 84 2608 ·
164 2572 291 2642 lariaa
315 2570 418 2642 bonis
445 2572 676 2642 ecclesiarum
702 2572 864 2660 diversa,
892 2582 927 2645 et
950 2569 1033 2642 olim
1051 2571 1265 2647 Banderiato
1287 2578 1367 2647 cui-

166 2673 243 2743 dam
272 2676 430 2767 propria,
459 2671 606 2744 subinde
623 2675 659 2745 in
687 2673 875 2745 dominium
909 2693 1011 2744 suum
1038 2673 1286 2768 redegissent,
1323 2678 1366 2750 ab

164 2775 234 2847 illis
266 2795 406 2870 quoque
434 2777 511 2871 pari
542 2797 618 2846 cum
637 2779 789 2847 caeteris
808 2775 992 2847 Nobilibus
1021 2783 1254 2873 proportione
1274 2803 1365 2852 con-

165 2899 309 2947 currere
334 2886 510 2970 oporteat,
547 2880 595 2948 ita
633 2877 870 2967 nihilomiuus,
898 2888 937 2949 ut
954 2876 1024 2948 hoc
1049 2879 1151 2952 titulo
1173 2885 1294 2955 statuti
1323 2882 1368 2955 ad

169 2979 326 3070 ipsorum
344 2981 542 3070 proprium,
581 2999 653 3049 non
676 3001 767 3051 vero
795 2980 989 3051 Comitatus
1019 2980 1197 3055 Vexillum
1232 3006 1368 3077 aggre-

170 3087 306 3169 gentur.
337 3075 408 3149 Sed
436 3076 528 3147 istud
554 3099 626 3148 nou
644 3078 735 3150 ultra
755 3082 979 3169 conjecturas
1000 3079 1158 3154 vendito.

212 3198 250 3282 l)
272 3197 447 3260 Praestabit
468 3198 562 3261 istius
585 3202 813 3283 paragraphum
838 3201 980 3276 tertium,
1015 3202 1068 3281 qul
1090 3210 1176 3266 totus
1200 3204 1259 3266 buc
1281 3204 1368 3283 lacit,

255 3285 375 3363 integre
398 3284 587 3352 exscribere:
611 3287 668 3364 „si
690 3297 790 3354 autam
814 3287 910 3367 aliqui
926 3287 1154 3366 Praelatorum,
1177 3297 1207 3351 ct
1219 3289 1369 3354 Virorum

250 3369 555 3446 „ceclesiasticorum
586 3373 741 3435 secularia
781 3373 862 3436 dura
893 3373 1108 3452 possiderent,
1142 3395 1198 3453 ca,
1229 3395 1306 3456 quaa
1328 3379 1367 3440 ab

251 3455 399 3534 „antiquo
422 3456 609 3519 Randcriata
631 3467 725 3534 sunt,
757 3477 841 3520 nuno
863 3477 983 3538 quoque
1005 3459 1159 3522 Ronderia
1183 3481 1241 3524 sua
1264 3463 1366 3525 lrabe-

251 3549 337 3618 ‚,ant‚
361 3548 391 3601 ct
413 3541 533 3603 ratione
558 3543 683 3605 illorum
703 3543 789 3605 ultra
812 3551 932 3605 caetera
958 3544 1040 3605 bona
1063 3546 1281 3623 ecclesiarum,
1308 3568 1369 3609 su-

253 3645 331 3774 „pppl-
369 3627 482 3749 quipus
521 3627 651 3692 lundata
691 3638 785 3708 suut,
828 3627 1036 3693 consimiliter
1074 3631 1268 3697 exercituare
1305 3635 1370 3696 siut

253 3731 294 3789 „0
331 3711 416 3794 igni.
461 3721 520 3778 etc.
549 3716 552 3722 '

694 3850 730 3938 ς.
762 3851 847 3924 aas.
915 3819 919 3832 ’

608 3976 654 4046 In
681 3980 926 4050 commarcam.

271 4117 488 4210 Argumenta
511 4119 646 4217 reliqua
667 4121 901 4219 asystcmate
924 4122 1055 4196 feudali
1074 4126 1239 4218 repetita,
1278 4147 1368 4220 quae

165 4239 361 4258 Μ

148 4279 166 4344 J
201 4284 227 4346 ⁰)
249 4285 323 4340 1498.
345 4292 386 4343 15.
405 4289 427 4355 d
446 4291 471 4344 8.

201 4370 230 4434 b)
248 4376 326 4428 1500.
344 4379 389 4431 21.
406 4403 441 4413 -
461 4377 539 4428 1526.
559 4378 601 4430 30.

1084 4447 1156 4522 9*
