3138 4858
1306 361 1354 438 33

162 531 341 604 succincte
374 531 651 626 praemittemus,
688 529 838 602 ethaeo
865 525 1138 626 prcOcnventu
1168 510 1283 623 Regni
1314 538 1358 611 ad

72 649 73 654 ‘
159 634 262 726 leges
287 642 406 706 mutuo
432 651 612 706 consensu
632 631 832 724 conclusas,
857 633 972 726 Regia
991 631 1182 708 sanctione
1211 630 1357 712 mman-

162 733 239 826 des,
266 735 424 829 legitime
447 734 578 808 indicte
602 736 801 812 rectissime
828 734 1046 810 definiemus.
1374 761 1376 766 ·

683 940 720 1027 ς.
749 942 835 1015 373.
953 963 955 974 ’

467 1091 613 1165 Eorum
639 1095 748 1162 ourz'a
773 1091 1057 1165 Denomo'ncto'o

263 1236 462 1330 Hungarica
482 1234 631 1310 Comitia
661 1238 802 1328 (native
822 1237 1154 1332 sermoneorsmlg
1172 1236 1358 1334 Gyitlesel)

162 1342 198 1412 in
221 1338 476 1413 vetustioribus
506 1340 760 1427 Documeutis,
789 1349 894 1434 etque
921 1342 1084 1412 Decretis
1114 1344 1247 1414 nostris
1288 1339 1358 1412 eli-

163 1441 301 1536 quando
319 1439 468 1533 Regelia
486 1439 655 1530 Consilia,
683 1448 742 1511 aut
763 1438 955 1515 Consilium
975 1442 1091 1535 Regni
1121 1445 1166 1534 ·).
1196 1440 1361 1514 Conci-

163 1543 282 1633 lium,
308 1543 369 1616 vel
388 1540 677 1631 Conventus,
713 1553 773 1615 eut
796 1541 1079 1633 Conventi03
1107 1543 1293 1634 interdum,
1325 1553 1364 1612 ut

164 1645 226 1717 sub
247 1645 282 1718 S.
301 1643 479 1735 Ledisleo,
508 1642 793 1733 etColomauno,
822 1645 1040 1741 Synodus
1069 1656 1254 1736 sancta,
1282 1645 1362 1716 ire-
1397 1711 1399 1714 .

165 1757 332 1839 quanter:
389 1742 713 1839 Congregatio
768 1749 1015 1838 generalis
1068 1748 1361 1821 dicebantur.

161 1849 310 1921 Diaetee
328 1846 448 1920 titulus
476 1849 635 1941 vulgaris
663 1856 729 1922 est.
758 1847 1031 1922 Recentioribus
1050 1850 1266 1946 temporibus
1285 1869 1362 1920 mos
1387 1942 1391 1949 Ι

161 1949 359 2022 invaluerat
376 1946 525 2020 Comitia
544 1947 740 2020 solenniori
768 1951 1039 2044 compellatione
1058 1972 1215 2025 vocare:
1245 1949 1365 2023 Gon-

163 2060 357 2123 ventum
393 2049 690 2119 Dominorum
736 2049 1075 2141 Praeletorum,
1119 2053 1364 2141 Beronum,

162 2151 442 2243 Magnetum,
470 2159 515 2220 et
541 2147 803 2239 Nobilium,
833 2161 1225 2247 caeterorumque
1259 2153 1365 2226 Sta-

163 2262 299 2342 tuum,
328 2250 621 2324 et'O'rdiuum
648 2250 800 2343 Regni
826 2251 1110 2347 Hungariae,
1138 2256 1365 2328 Partium-

169 2376 256 2448 que
284 2351 632 2451 eiladnexarum
660 2354 938 2446 generalem
967 2355 1014 2448 ¹³).
1102 2427 1104 2432 .

698 2558 734 2645 §.
765 2545 850 2632 374.

701 2705 830 2797 Origo

269 2855 401 2928 Eadem
429 2873 512 2927 esse
542 2852 646 2949 apul
661 2873 727 2924 nos
748 2839 975 2926 comitiorum
1003 2876 1080 2926 cum
1097 2851 1235 2947 legibus
1254 2858 1367 2950 initia,

167 2960 245 3032 Viri
272 2959 363 3029 fame
393 2956 601 3028 eruditionis
636 2953 906 3027 celebratissimi
936 2956 967 3046 ⁶)
998 2953 1064 3027 lide
1102 2955 1282 3048 historice,
1312 2959 1369 3026 oui

108 3091 109 3096 ¹
171 3064 235 3134 vix
261 3058 390 3152 aliquid
411 3059 543 3152 opponi
577 3066 694 3150 queat,
722 3055 828 3150 plene
862 3058 1030 3150 evictum
1059 3056 1239 3128 dederunt.
1294 3057 1367 3152 Sed

174 3183 264 3255 quae
283 3163 431 3231 retrusis
457 3158 595 3232 Seculis
615 3157 741 3245 forma,
769 3167 806 3228 et
825 3156 940 3252 qualia
966 3156 1105 3246 obiecta
1131 3158 1201 3228 illis
1234 3157 1369 3250 fuerint
1410 3159 1413 3165 ’
1445 3155 1447 3160 ’

173 3263 328 3358 propria,
347 3262 406 3352 qui
423 3263 506 3331 item
525 3257 588 3346 sub
606 3256 776 3346 Ducibus,
795 3257 855 3330 vel
872 3260 993 3352 primis
1017 3261 1121 3329 etiem
1138 3257 1296 3350 Regibus
1310 3260 1370 3349 jus

173 3362 301 3435 ibidem
345 3360 501 3453 suffragii
530 3357 743 3430 habuerint?
786 3358 830 3429 ed
855 3355 995 3455 plenem'
1024 3382 1137 3455 usque
1175 3360 1370 3435 claritatem

176 3485 303 3537 eruere
314 3460 458 3535 arduum
475 3459 570 3534 foret
589 3461 729 3535 etviem
740 3457 798 3532 hio
816 3463 1069 3556 complanatam
1088 3461 1367 3557 deprehendere.

702 3664 739 3750 ὃ.
769 3664 855 3736 375.

352 3817 584 3890 Interceutuc
610 3771 883 3897 Praelatcruuo
911 3827 948 3886 et
963 3812 1203 3916 ¹Moooctmn.

279 3963 517 4080 Praelatorum
528 3923 679 4062 quidem,
697 3961 886 4058 Regnique
902 3959 1091 4075 Beronum,
1115 3980 1264 4057 quorum
1281 3959 1375 4034 utri-

177 4083 376 4105 ...h—..—

255 4131 383 4184 Albrleus
395 4133 422 4184 ln
438 4133 556 4188 Praelet.
572 4133 605 4186 ed
619 4133 692 4187 ler.
711 4131 779 4185 Dec.
791 4130 896 4183 colom.

208 4144 220 4171 Ι

209 4130 299 4281 11))Ι)ιι
318 4219 362 4268 lrls
379 4202 480 4270 «liuere.
494 4220 657 4273 nomenclet.
681 4219 735 4270 vld.
755 4215 883 4282 Sulcuky
899 4216 1022 4269 (tument.
1041 4217 1105 4270 bist
1123 4222 1152 4268 et
1171 4217 1247 4282 polit
1268 4217 1303 4266 de
1323 4215 1378 4266 (lc-

189 4319 191 4324 -
255 4286 421 4342 mitiisllucl.
433 4291 503 4354 neg.
517 4291 608 4355 flung.
617 4297 645 4344 ct
654 4291 772 4342 Discere
790 4289 1192 4354 oecomtt.1teg.flung.anne
1211 4288 1289 4340 1791.
1308 4287 1374 4338 edit.

209 4371 234 4436 ⁸)

251 4374 324 4438 Lege
337 4373 425 4424 lustau·
441 4374 561 4426 omnium
579 4376 692 4428 doctiss.
713 4364 856 4440 Bettlrybn.
878 4375 911 4426 tle
933 4375 985 4440 teg.
1005 4375 1083 4427 Eccl.
1101 4376 1171 4444 Reg·
1194 4372 1284 4436 flung.
1300 4369 1332 4422 Τ.
1347 4370 1376 4420 1.

258 4443 630 4581 ξιιέοἷὲθηῖοβῗῖηἷᾱέιὲος.
648 4448 714 4500 item
727 4445 886 4500 Kcvechlclr
901 4445 975 4499 vest.
989 4443 1064 4500 Gom
1078 4444 1111 4498 Τ.
1128 4446 1153 4499 1.
1169 4455 1194 4508 p.
1210 4443 1253 4496 80.
1268 4446 1295 4494 et
1312 4451 1376 4505 seq·

229 4579 275 4656 11.
820 4583 822 4590 '
1153 4580 1176 4654 3
