3144 4860
746 433 784 520 §·
812 438 873 509 48.

693 559 920 633 observatio.

317 685 484 762 Solemnis
503 694 655 760 attamen
675 686 820 782 sponsio
841 684 884 756 de
902 682 1212 778 reincorporandis
1231 681 1299 772 iis,
1318 704 1410 778 quae

216 791 368 864 latorum
397 787 612 862 adversitate
637 786 823 881 aliquando
853 789 1000 874 amissa,
1028 789 1064 857 in
1091 794 1273 881 posterum
1300 805 1412 856 recu-

183 949 189 960 .
217 901 449 990 perarentur,
477 913 695 986 nequaquam
714 888 932 982 Principibus
950 889 1082 960 nostris
1097 889 1156 977 jus
1176 886 1316 974 tribuit,
1344 910 1413 960 neo

218 993 468 1087 obligationem
489 1033 541 1046 —
561 993 655 1087 quod
675 1015 693 1064 a
713 990 890 1065 nonnullis
908 988 1147 1085 imprudenter
1163 987 1267 1060 nobis
1287 1010 1409 1082 ogge-

214 1095 359 1168 rebatur
381 1134 433 1146 -
460 1095 698 1189 praeseribit,
728 1103 830 1188 pacta
856 1101 1052 1179 conventa,
1090 1093 1412 1165 transactionemve

192 1198 372 1292 ‚legitime
399 1198 518 1267 initam
545 1219 610 1292 pro
638 1195 781 1268 arbitrio
811 1192 1070 1288 dirumpendi,
1098 1215 1223 1265 verum
1240 1191 1310 1264 boc
1328 1203 1413 1265 tau-

216 1309 289 1370 tum
321 1295 503 1386 subaudit,
537 1309 575 1370 ut
601 1296 739 1392 quando
767 1318 831 1390 per
855 1297 971 1385 justas
999 1299 1157 1366 rationes
1186 1293 1411 1367 Provinciam

94 1417 101 1473 s
218 1401 261 1473 ad
279 1402 381 1493 regni
401 1397 578 1472 Coronam
595 1403 829 1496 pertinentem
856 1395 1069 1470 revindicari
1094 1399 1295 1492 contigerit,
1321 1396 1412 1469 baec

214 1506 339 1575 iterum
358 1501 557 1594 Hungariae
577 1501 783 1596 applicetur.
811 1497 889 1570 Nec
911 1508 987 1570 erat
1006 1501 1072 1570 alia
1100 1521 1251 1593 uuquam
1269 1498 1411 1592 Regni-

215 1605 371 1678 colarum
398 1600 441 1672 de
464 1604 581 1692 jurata
613 1607 680 1673 ista
713 1603 851 1693 Regum
879 1621 1022 1674 suorum
1053 1605 1248 1697 sponsione
1276 1605 1410 1696 opinio,

214 1703 378 1802 proiecto
414 1705 582 1798 aequitati
610 1724 682 1775 non
720 1707 859 1789 minus,
896 1724 999 1796 quam
1030 1703 1226 1776 universali
1253 1702 1297 1775 de
1328 1705 1411 1794 jure

215 1806 378 1881 Gentium
397 1804 580 1878 doctrinae
599 1806 755 1902 apprime
775 1814 1023 1879 consentanea.

679 2005 840 2090 capuit
862 2001 949 2072 IV.

526 2117 580 2200 lie
606 2113 820 2198 Diuisione
846 2114 1092 2224 Hungariae.

744 2245 780 2332 §.
809 2248 869 2320 49.

486 2371 709 2460 Hungariae
742 2373 960 2445 Dauniam
991 2379 1131 2448 curiae.

312 2494 532 2594 Divisionum
564 2492 792 2567 lilonarcbiae
826 2500 862 2567 in
895 2497 1127 2570 Territorium
1159 2496 1410 2592 metropolita-

208 2619 313 2687 num,
341 2606 377 2668 et
395 2606 516 2690 partes
545 2593 702 2668 adnexas
725 2598 798 2686 jam
816 2601 1060 2694 praemisimus
1081 2601 1169 2690 (2),
1195 2597 1410 2690 Hungariam

209 2721 318 2773 sensu
338 2699 507 2770 strictiori
526 2707 708 2792 acceptam
727 2701 822 2792 quod
840 2704 984 2788 attinet,
1013 2700 1090 2789 ejus
1117 2704 1154 2772 iu
1173 2705 1407 2793 superiorem,

209 2811 245 2873 et
264 2800 469 2872 inferiorem
486 2801 730 2892 vulgatissima
750 2799 924 2895 quondam
947 2801 1076 2874 divisio
1094 2801 1211 2872 iuerat
1228 2799 1284 2892 ⁴⁵),
1300 2810 1409 2872 exte·
1502 2873 1504 2878 ,

206 2906 257 2974 ris
277 2923 417 2996 quoque
445 2902 592 2989 usitata3
621 2905 841 2996 superiorem
870 2903 1034 2974 dixerunt
1057 2905 1241 2996 regionem
1261 2906 1311 2976 cis
1330 2902 1409 2973 Da-

207 3004 370 3094 nubium,
410 3005 468 3097 qui
496 3002 659 3095 Regnum
687 3002 822 3075 medius
850 3003 927 3076 lere
957 3002 1197 3093 interlabitur,
1232 3007 1408 3100 positam3

208 3108 394 3204 oppositas
422 3126 488 3202 pro
518 3103 680 3176 inferiori
707 3104 893 3178 habebant.
929 3105 1080 3177 invaluit
1106 3105 1237 3178 tardius
1262 3107 1406 3201 partitio

206 3211 244 3282 in
271 3219 422 3305 quatuor
451 3205 667 3294 Distrietus,
696 3227 761 3278 seu
789 3204 972 3295 circulos,
1008 3211 1149 3280 nomine
1168 3230 1187 3278 a
1206 3210 1408 3302 praecipuis

205 3309 323 3383 fluviis
343 3310 524 3394 desumto,
552 3328 681 3400 nempe
700 3311 736 3378 in
755 3309 833 3396 cis,
853 3317 896 3378 et
914 3318 1047 3379 tra'ns
1073 3308 1407 3397 Danubianum,

206 3419 312 3506 atque
331 3413 414 3497 cis,
444 3417 486 3479 et
504 3418 632 3479 trans
652 3407 952 3498 Tibiscanum,
971 3431 1088 3504 neque
1106 3409 1141 3482 id
1160 3413 1237 3482 sine
1257 3409 1408 3504 quodam

206 3512 308 3586 simul
326 3513 362 3583 in
380 3508 555 3606 publicam
582 3508 919 3583 administrationem
942 3510 1086 3582 iniluxu.
1122 3509 1210 3582 Nam
1229 3510 1408 3582 Tribuna-

203 3614 251 3687 lia
280 3613 491 3704 judiciaria,
519 3611 629 3704 vulgo
660 3610 815 3682 'l'abulae
848 3611 1096 3685 Distrietualcs
1125 3621 1221 3683 tanto
1259 3627 1406 3684 numero
1437 3681 1440 3686 ,

204 3725 349 3788 erectae
376 3715 438 3801 ¹⁸),
466 3712 682 3804 totidemque
716 3710 956 3784 Commissarii
983 3711 1228 3807 procurandae
1256 3719 1310 3786 rei
1338 3716 1407 3784 tri-

202 3815 363 3886 butariae
382 3812 543 3906 primitus
564 3814 745 3883 constituti
774 3811 832 3900 lJ,
860 3817 1006 3906 parique
1034 3836 1180 3886 numero
1201 3815 1408 3887 districtuu-

202 3914 258 3987 les
299 3915 444 3984 militiae
480 3912 788 3984 insurrectionulis
817 3909 1021 4005 capitanei,
1051 3915 1129 3986 dum
1149 3914 1330 3986 obtinebat
1360 3916 1406 4005 ⁰),

77 4060 81 4066 ι
205 4012 342 4084 demum
361 4028 485 4081 omues
513 4007 715 4101 Hungariae
735 4010 927 4084 Comitatus
945 4035 1010 4108 pro
1038 4036 1103 4110 eo,
1130 4037 1173 4086 ac
1189 4017 1225 4087 in
1243 4037 1314 4088 uuo
1334 4017 1406 4089 ho-

203 4135 281 4218 rum
300 4108 519 4184 circulorum
540 4113 761 4201 consistunt,
789 4112 834 4182 ad
852 4112 1004 4186 classem
1021 4114 1319 4208 Danubianorum,
1348 4126 1408 4190 aut

233 4275 258 4334 ·i
278 4279 356 4328 172³.
375 4277 417 4329 so.
436 4279 464 4327 οι
483 4277 526 4330 si.

232 4344 262 4409 b)
282 4346 353 4396 Auni
369 4346 455 4408 ejusd.
471 4351 522 4395 art.
537 4345 598 4398 100.

234 4415 258 4482 ⁰)
280 4411 357 4470 1740.
376 4415 418 4471 6³.
438 4419 466 4469 et
483 4414 535 4472 alit
