3142 4862
209 245 255 320 16

206 414 331 508 gessit,
368 435 390 484 e
416 411 583 508 professo
609 412 833 482 commentati
852 417 932 483 sunt
948 407 1083 506 plures,
1110 429 1183 482 non
1202 430 1290 503 ergo
1311 431 1401 507 opus

207 537 289 590 esse
309 514 392 587 mihi
409 513 540 604 video,
567 512 657 585 haec
678 521 816 602 cuncta,
844 523 882 583 ut
909 514 987 586 sive
1015 511 1212 607 repetendo
1232 534 1311 585 mea
1340 511 1421 585 ia-t·

206 640 307 708 cere,
338 639 402 690 seu
419 617 596 690 illustrare
615 615 705 686 ultra
733 614 959 704 contendam,
985 613 1155 709 quaedam
1173 615 1287 687 solum
1305 620 1400 688 circa

206 721 283 810 ejus
303 721 558 808 auctoritatem,
586 717 801 790 anonnullis
827 716 1013 810 aliquando
1039 719 1076 787 in
1100 715 1239 788 dubium
1255 728 1399 806 vocata,

204 832 379 913 tamquam
398 819 467 890 huc
494 823 719 915 pertinentia,
747 818 939 892 adnotasse
968 829 1022 891 sat
1050 817 1166 890 luerit.
1204 819 1309 893 Ratio
1330 818 1401 890 du-

170 941 171 945 ’
204 921 335 993 bitandi
363 925 580 1014 assignatur:
608 923 784 993 incertas
810 921 913 1014 Rege
944 919 1185 1010 confirmatio,
1223 931 1259 992 et
1281 931 1401 994 certus

204 1025 427 1096 intermissae
450 1024 608 1096 solennis
627 1022 920 1119 promulgationis
939 1022 1111 1094 deiectus.
1131 1022 1265 1096 Verum
1283 1045 1400 1120 quan-

104 1175 105 1178 ,
205 1135 415 1217 tumcunque
441 1124 610 1220 ponderis
630 1129 708 1220 quis
737 1123 995 1214 objectionibus
1024 1127 1102 1196 istis
1128 1125 1279 1213 tribuat,
1314 1147 1400 1198 usus

204 1225 471 1298 Verbbcnianae
490 1226 761 1322 compilationis,
788 1249 877 1319 quae
895 1225 1040 1299 brevius
1058 1227 1237 1320 Tripartiti
1258 1231 1400 1300 nomine
1528 1277 1533 1285 -

204 1330 316 1417 venit,
339 1330 376 1399 in
401 1328 516 1418 Foris,
546 1340 581 1400 et
606 1330 818 1423 provocatio
845 1331 881 1400 in
899 1327 1037 1422 legibus
1055 1331 1158 1401 trium
1177 1329 1400 1402 saeculorum

206 1432 392 1519 continua,
433 1452 554 1523 parem
582 1430 632 1501 illi
662 1454 681 1502 a
716 1433 823 1500 tacito
854 1430 1086 1523 Legislatcris
1117 1453 1296 1504 consensu
1327 1452 1406 1502 cum

204 1530 286 1624 lege
319 1534 451 1626 scripta
469 1535 632 1624 vigorem
651 1530 777 1602 dudum
796 1534 1062 1620 conciliaverat,
1092 1542 1196 1626 atque
1220 1535 1256 1604 in
1276 1536 1404 1604 seriem

206 1635 438 1724 genuinorum
466 1631 770 1725 lurisprudentiae
813 1644 958 1704 nostrae
998 1632 1168 1723 fontium,
1207 1637 1406 1728 principio-

204 1755 328 1806 rumve
354 1734 423 1805 hoc
444 1736 523 1828 ipso
552 1733 755 1804 introduxit.

702 1883 738 1968 ς.
766 1881 894 1954 ΧΧΧΙ.

435 2082 438 2088 ,
533 2007 584 2096 D)
620 2011 772 2081 Statum
804 2022 840 2079 et
865 2007 1083 2098 Prtbs'lepc'o.

305 2129 552 2206 Subnectenda
580 2131 696 2224 Regni
732 2132 871 2223 legibus
907 2137 1054 2204 veniunt
1084 2132 1219 2203 Statuta
1253 2129 1405 2201 Partium

205 2231 419 2304 adnexarum
450 2234 481 2321 ³)
512 2231 763 2321 Comitatuum,
793 2236 876 2302 item
906 2233 1133 2304 Distriotuum
1170 2241 1404 2319 exemtorum,

204 2333 457 2427 Capitulorum,
486 2333 747 2429 Regiorumque
768 2332 966 2422 civitatum,
996 2337 1119 2420 summi
1147 2334 1318 2427 Principis
1340 2354 1406 2403 ra-

203 2433 410 2506 tihabitione
438 2432 651 2505 confirmata.
680 2436 772 2505 Dein
800 2433 1001 2528 diplomata,
1033 2457 1075 2505 ac
1104 2434 1312 2506 documento
1340 2435 1405 2504 lit·-

203 2537 347 2624 teraria,
378 2544 461 2629 puta
490 2534 746 2608 Fundationum
770 2535 945 2626 Tabulas,
974 2535 1193 2628 dignitatum,
1222 2539 1433 2606 exemto-¹

203 2659 298 2724 num,
325 2638 653 2730 praerogativarum
683 2637 906 2728 collationes,
946 2649 981 2710 et
1008 2637 1212 2730 Privilegia,
1238 2657 1327 2729 quae
1357 2635 1402 2708 ad

203 2737 429 2810 illustrandos
447 2743 754 2833 persaepcvarios
772 2741 862 2829 juris
877 2740 1044 2811 articulos
1056 2738 1240 2832 praeclare
1261 2736 1400 2832 quidem

203 2838 349 2927 iaciunt,
380 2861 467 2910 sano
497 2850 663 2932 attamen,
693 2853 900 2935 maturoque
935 2841 1075 2911 delectu
1108 2860 1248 2932 semper
1282 2838 1398 2934 dispi-

204 2938 342 3028 cienda,
370 2961 415 3011 ne
435 2941 571 3015 scilicet
590 2941 680 3014 ialsa
698 2965 763 3039 pro
782 2945 893 3031 veris,
921 2941 1147 3035 interpollate
1165 2963 1229 3035 pro
1249 2943 1399 3012 sinceris

204 3041 449 3131 admittantur,
478 3053 537 3114 aut
562 3066 627 3134 ea,
667 3067 758 3138 quae
790 3041 883 3113 iacta
902 3047 1065 3136 praecise
1094 3041 1267 3129 referunt,
1287 3063 1405 3112 even-

203 3144 452 3334 tpspueppam
482 3145 525 3216 dc
550 3147 631 3237 jure
663 3166 803 3241 quoque
833 3142 998 3214 decidere
1018 3162 1159 3234 arguas,
1191 3151 1404 3235 atqueecn-

205 3268 261 3316 cu
287 3265 326 3315 as
386 3297 393 3312 .

246 3366 285 3446 l)
308 3364 399 3427 Hane
421 3364 453 3426 in
477 3383 541 3426 rom
566 3365 690 3445 egregia
712 3373 760 3426 ost
782 3383 915 3445 prorsus
932 3365 1137 3428 Kovaehichii
1150 3365 1354 3444 Philosophia
1370 3367 1406 3447 l)

290 3449 442 3528 „Publice
464 3483 506 3494 -
529 3451 604 3512 dicit
627 3451 681 3512 ille
704 3485 742 3496 -
769 3450 940 3532 diplomata
961 3453 1019 3514 rite
1042 3453 1219 3516 combinata
1242 3450 1405 3530 deliniunt,

290 3537 384 3617 „quid
398 3532 484 3618 juris
501 3536 561 3612 sit3
585 3538 719 3615 probant
735 3539 877 3615 proinde,
901 3558 934 3600 ac
950 3539 983 3600 in
1000 3539 1079 3600 lure
1097 3537 1221 3618 publico
1238 3537 1300 3599 vim
1316 3539 1405 3600 deci-

289 3623 411 3701 „sivam
433 3620 566 3698 habent3
591 3624 712 3702 privata
735 3644 826 3700 vero,
857 3624 925 3684 sive
949 3624 1101 3685 historice
1121 3621 1299 3702 Diplomata
1324 3623 1406 3685 iacta

289 3710 478 3785 „duntaxat,
502 3718 570 3769 ecta
593 3718 784 3788 eventusque
806 3708 958 3784 referunt,
982 3709 1056 3787 quin
1072 3707 1229 3782 definiant,
1253 3716 1307 3769 sut
1323 3708 1404 3769 defi-

207 3823 209 3829 =
290 3792 380 3869 „nire
403 3793 538 3869 possint,
559 3791 632 3874 jure
655 3814 702 3869 ne,
726 3791 992 3875 anpraeteajus,
1014 3802 1134 3854 etcum
1157 3792 1287 3856 alterius
1303 3795 1405 3873 partis

291 3873 432 3957 ffinjmm
465 3875 1401 3960 mmmmmnmsspmmmdejmemoemumstffi

287 3961 475 4037 „decidunt;
501 3964 556 4023 sed
573 3962 753 4026 historicam
767 3967 915 4026 duntaxat
927 3963 1017 4026 fidem
1034 3963 1163 4040 iaciunt,
1179 3983 1256 4045 quac
1269 3984 1406 4045 eousque

292 4045 413 4123 „valot‚
437 4064 597 4126 qrrousque
620 4051 722 4111 tenori
744 4050 958 4129 Diplomatum
980 4049 1174 4130 publicorum
1203 4068 1265 4111 non
1289 4053 1405 4112 adver-

259 4217 262 4224 *
291 4139 435 4210 „santum
458 4130 609 4194 Poterant
631 4134 748 4214 igitur,
782 4134 962 4198 cautissime
984 4144 1086 4198 tamen
1110 4135 1251 4197 adhiberi
1273 4135 1305 4196 in
1326 4135 1405 4198 illu-

203 4269 414 4284 *—

236 4311 261 4369 ⁸)
281 4309 360 4370 wit,
379 4313 422 4364 ἕο.

235 4383 262 4448 b)
281 4383 312 4433 ln
330 4381 419 4433 Praei.
438 4381 471 4432 ad
491 4385 564 4436 vest.
583 4381 688 4437 Gemit,
802 4415 804 4422 ι
