3142 4862
704 359 741 445 §.
768 354 881 430 XXII.

628 484 709 557 Sed
738 488 953 574 genuinum.

292 635 414 706 Toties
434 655 522 726 crgo
540 635 714 729 repetitae
734 631 816 702 illac
834 631 1123 719 transumtiones,
1142 639 1178 706 et
1198 617 1390 701 confirma-

190 739 308 808 tiones
320 756 384 830 per
396 734 624 823 Ludovicun,
644 733 801 820 Mariam,
820 729 998 819 lllatbiam,
1018 753 1060 802 ac
1072 732 1161 803 alios
1174 732 1296 822 Reges
1309 728 1390 801 lac·
1468 819 1473 827 ι

191 846 270 923 tae,
297 844 349 908 tot
366 836 426 907 illa
443 838 642 931 Principum
659 835 863 907 duramenta
883 834 1036 929 desuper
1054 837 1265 905 occassione
1284 835 1390 903 inau-

193 940 387 1031 gurationis
414 941 450 1009 in
476 937 682 1010 hodiernam
709 937 800 1008 diem
818 939 1002 1032 praestita,
1021 975 1073 988 --
1089 946 1159 1007 tam
1177 955 1389 1006 numerosae

192 1043 483 1137 provocationes
504 1040 676 1128 cautelae,
697 1040 985 1110 assecurationes
1003 1040 1040 1108 in
1057 1036 1195 1129 legibus
1215 1035 1390 1129 frequen-

192 1145 373 1230 tissImae,
395 1146 596 1212 continuum
615 1161 756 1235 quoque
775 1138 877 1229 hujus
897 1141 1008 1233 ipsius
1026 1139 1172 1210 Decreti
1190 1159 1292 1208 usum
1311 1159 1389 1208 am-

191 1244 283 1340 plius
302 1243 422 1335 longe,
443 1242 637 1316 solidiusve
656 1242 898 1313 demonstrant
928 1242 974 1330 ⁸),
994 1263 1096 1335 quam
1108 1262 1200 1312 vana
1214 1238 1389 1312 Grossin-

192 1349 271 1438 geri
285 1347 472 1438 argutatio,
494 1367 513 1414 e
528 1347 722 1440 posteriori
734 1342 925 1416 Andreano
937 1342 1093 1414 Decreto
1107 1341 1150 1414 Αἰ
1184 1338 1289 1414 1231ἰ
1318 1340 1388 1411 de-

192 1457 316 1535 sumta,
346 1445 489 1518 officere
508 1450 636 1541 possit,
665 1447 721 1516 cui
752 1445 908 1539 alioquin
925 1443 1054 1517 multos
1072 1447 1164 1517 inter
1183 1440 1389 1515 llovachicb

192 1570 347 1622 nervose
373 1547 558 1642 respondit
587 1546 634 1636 hJ.

724 1724 732 1739 .
760 1664 891 1744 XXIII.

406 1797 546 1887 nepem
564 1797 619 1870 od
633 1671 883 1890 emplooebttta
908 1817 987 1870 non
1007 1794 1159 1887 oblt'pat.

294 1941 478 2038 Impugnat
498 1945 611 2017 adbuc
629 1967 738 2041 saepe
757 1945 887 2016 laudati
899 1945 1043 2016 Decreti
1061 1946 1225 2036 vigorem
1237 1941 1390 2016 Gustcr-

192 2066 295 2118 mann
326 2047 356 2136 ⁰)
395 2047 455 2119 illo
497 2047 747 2138 fundamento,
795 2046 889 2142 quod
930 2044 1098 2118 articulos
1137 2046 1391 2140 complectatur

192 2149 332 2244 plures,
378 2170 467 2242 quos
503 2150 610 2222 hodie
654 2150 848 2222 observare
889 2147 1106 2241 impossibile
1146 2149 1211 2234 sit,
1255 2147 1391 2238 Regem

197 2249 345 2345 proinde
375 2253 452 2340 ejus
483 2251 744 2324 observantiam
771 2255 807 2321 in
827 2249 986 2320 omnibus
1012 2252 1150 2343 punctis
1170 2257 1206 2318 et
1225 2248 1391 2320 clausulis

199 2351 431 2444 spondentem
459 2353 503 2422 ad
528 2352 759 2446 impossibiIia
784 2350 1015 2440 jureJurando
1046 2350 1228 2442 obstringi.
1258 2350 1392 2423 Verum

198 2452 288 2523 haec
306 2451 459 2542 objectio
480 2492 531 2505 -
549 2457 714 2547 speciosa
741 2456 872 2546 magis,
901 2474 1004 2548 quam
1023 2451 1135 2524 solida
1152 2491 1204 2502 -
1221 2451 1391 2546 perfacile

178 2553 358 2628 ¹solvitur.
379 2553 532 2626 Fuerant
551 2575 637 2626 sane
657 2554 826 2648 quaedam
844 2565 1039 2648 temporum
1056 2553 1313 2643 vicissitudine,
1332 2553 1393 2625 vel

198 2655 343 2728 tardiori
372 2659 624 2729 constitutione
656 2653 688 2748 a)
709 2679 773 2751 per
799 2677 1008 2750 expressum
1026 2665 1169 2743 mutata,
1196 2655 1263 2726 alia
1291 2664 1393 2726 extra

197 2778 298 2828 usum
326 2763 462 2854 posita,
499 2779 588 2851 quac
616 2759 880 2830 recurrentibus
909 2757 1049 2829 casibus
1079 2757 1239 2850 analogis
1266 2760 1393 2828 iterum

197 2859 317 2930 forent
336 2859 558 2932 observanda
576 2858 629 2951 ὕ).
649 2860 726 2932 Ηοο
744 2866 862 2954 itaque
878 2881 955 2930 cum
974 2868 1250 2953 temperamento
1269 2859 1390 2951 Reges

198 2965 311 3032 nostri
325 2961 468 3050 Jurasse
488 2963 656 3033 censendi
679 2970 777 3049 sunt,
800 2963 915 3034 nullus
935 2963 1025 3031 enim
1040 2960 1143 3032 dubio
1164 2960 1391 3033 locusrelin-

198 3067 326 3159 quitur,
355 3085 502 3157 quorum
520 3063 624 3136 modo
643 3085 728 3136 usus
748 3085 818 3135 non
837 3063 886 3153 lit,
912 3084 1132 3154 nequaquam
1150 3063 1239 3134 adeo
1259 3061 1391 3133 diserte

197 3169 234 3236 in
251 3175 459 3261 perpetuum
477 3165 607 3238 abolita
627 3166 695 3236 dici
713 3165 857 3254 valere,
885 3167 1002 3259 prouti
1020 3163 1176 3235 clausula
1195 3164 1391 3257 famigera-

200 3268 335 3338 tissima
362 3277 426 3337 art.
457 3269 516 3338 31.
547 3268 590 3337 de
616 3269 697 3358 J'ure
725 3266 916 3339 resistendi
944 3266 1094 3354 injecta,
1123 3289 1213 3359 quae
1234 3269 1392 3361 quamvis

200 3366 280 3439 dum
298 3367 511 3440 conderetur
527 3365 613 3460 ll),
632 3368 831 3440 nullatenus
852 3376 993 3464 poterat
1011 3366 1214 3441 facultatem
1231 3374 1303 3440 vim
1321 3368 1393 3440 ho-

199 3470 314 3540 stilem
332 3471 423 3564 Regi
443 3491 508 3542 suo
527 3470 684 3564 legitimo
705 3471 929 3567 opponendi,
965 3478 1088 3541 contra
1107 3469 1260 3542 Indolem
1280 3471 1392 3543 omnis

197 3575 347 3666 imperii,
367 3572 427 3646 vel
440 3572 721 3674 subintelligere,
742 3584 907 3661 attamen,
925 3571 1025 3644 velut
1037 3595 1109 3646 non
1123 3569 1392 3646 constitutionis

198 3673 463 3761 stabilimento,
502 3674 566 3745 scd
593 3673 743 3746 funestis
775 3674 935 3747 civilibus
967 3672 1069 3744 bellis
1090 3673 1285 3746 excitandis
1303 3695 1392 3769 per-

98 3847 109 3864 ,
200 3784 410 3868 opportuna,
431 3782 466 3842 et
478 3795 497 3844 a
509 3773 609 3845 malis
628 3776 718 3848 male
737 3787 896 3870 accepta,
911 3777 1017 3867 inque
1036 3777 1139 3870 pejus
1159 3775 1309 3866 detorta,
1321 3797 1392 3873 pu-

197 3872 290 3945 blico
317 3875 434 3968 Regni
459 3873 615 3946 Decreta
647 3878 678 3966 ⁰)
707 3880 885 3972 antiquata
913 3884 979 3947 cst.

195 4015 390 4029 *—

228 4063 253 4124 Ι)
273 4067 321 4131 Op.
341 4067 391 4117 Cit.
404 4068 439 4121 ·G.
458 4069 504 4118 111.
523 4066 548 4132 ἕ.
568 4070 596 4120 7.
611 4069 639 4122 in
657 4076 713 4122 not.
732 4074 764 4124 ad
784 4069 824 4137 a).

227 4134 256 4192 ¹³)
276 4137 352 4188 vert.
372 4137 446 4190 (lom.
467 4153 490 4202 p.
511 4139 554 4188 96.

229 4201 258 4262 ο)’
273 4203 337 4270 naa.
356 4202 524 4272 &toatorectt
543 4209 574 4258 P.
593 4209 620 4256 1.
638 4222 662 4272 p.
683 4205 725 4260 to.

228 4269 257 4336 d)
276 4273 352 4324 1351.
370 4276 396 4325 iu
415 4278 538 4340 ejusdem
557 4278 640 4344 praes.
659 4274 683 4342 d.
703 4282 745 4332 11.

230 4340 254 4407 ο)
274 4341 352 4397 asar.
370 4341 396 4396 a.
