3094 4868
228 157 299 236 186

221 341 257 404 et
276 319 442 405 conclusa
470 321 536 434 per
558 335 719 427 Regnum
746 327 862 401 debite
891 321 1108 421 publicetur,
1134 327 1232 426 'quod
1250 349 1310 402 res
1338 333 1430 426 ipsa

203 443 339 506 'secum
358 435 448 508 sert:
466 435 610 532 ·0bngat
629 438 722 510 enim
740 430 927 503 Nationem
944 431 1171 522 universam,
1191 443 1228 504 et
1254 432 1426 526 singulos

218 535 335 632 Regni
353 539 499 609 incolas.
923 571 928 580 ·
1257 559 1259 563 ·

712 745 773 832 '§.
803 743 888 819 637.

691 893 946 986 Consectarc'a.

321 1061 384 1138 Cui
401 1065 465 1143 Jus
482 1065 610 1136 bellum
630 1054 779 1158 gerendi
797 1067 985 1161 competit,
1022 1065 1171 1138 eundem
1192 1081 1419 1160 correspon-

220 1167 307 1242 dens
326 1171 430 1240 etiam
449 1177 565 1268 manet
585 1167 753 1260 obligatio
765 1218 780 1264 ,¹
803 1175 940 1238 tentare
969 1169 1065 1262 prius
1087 1172 1223 1256 omnia,
1251 1169 1421 1263 quemad

219 1293 313 1344 arma
334 1269 520 1356 deveniat,
549 1289 677 1344 severa
695 1291 774 1340 nam
793 1291 851 1340 res
872 1278 940 1357 est,
970 1279 1005 1341 et
1025 1278 1127 1340 atrox
1146 1269 1288 1360 bellum,
1320 1271 1417 1364 quod
1538 1267 1539 1284 *

219 1395 350 1445 summa
380 1382 510 1444 tantum
540 1375 737 1444 necessitas
775 1371 961 1442 h'onestum
999 1371 1117 1442 efficit.
1158 1371 1282 1443 Donec
1310 1375 1418 1464 igitur
1538 1411 1539 1418 κ

218 1477 356 1546 mitiora
377 1485 565 1570 supersunt
584 1473 752 1560 remedia,
781 1472 904 1568 quihus
924 1469 1106 1569 imperans
1123 1477 1305 1548 securitati
1325 1496 1417 1545 suo-

218 1600 315 1664 rum,
345 1585 379 1645 et
398 1576 615 1647 indemnitati
644 1598 852 1646 succurrere
880 1584 1021 1671 potest,
1050 1573 1139 1670 quae
1165 1576 1230 1647 Jus
1256 1576 1415 1648 naturale

220 1681 376 1770 gentium
396 1675 549 1775 explicet
580 1681 622 1764 ⁸),
649 1679 796 1766 justitia,
816 1681 988 1770 aequitas,
1012 1686 1047 1747 et
1066 1676 1153 1750 fides
1174 1701 1269 1748 erma
1288 1700 1416 1774 cepere

219 1787 342 1853 vetant
372 1775 417 1872 h),
444 1787 498 1852 ast
515 1775 657 1864 beilum,
686 1801 751 1871 qua
768 1776 840 1868 jam
859 1783 1121 1869 necessarium,
1151 1784 1241 1852 sicut
1259 1783 1294 1852 in
1313 1783 1415 1853 unius

219 1881 331 1979 Regis
351 1889 603 1976 estpotestate
624 1879 801 1969 indicere,
828 1878 1050 1974 modumque,
1079 1904 1120 1952 ac
1140 1885 1314 1954 rationem
1331 1882 1417 1955 iliud
1517 1957 1519 1960 .

218 1982 367 2079 gerendi
386 1979 564 2071 ordinere,
578 1991 681 2076 atque
700 1982 964 2078 praescribere:
994 1987 1041 2054 ita
1066 1985 1169 2054 etiam
1187 1992 1302 2078 pacta,
1324 2007 1414 2078 quae

220 2085 305 2159 belli
324 2096 484 2182 tempore
504 2108 523 2155 a
544 2081 689 2157 subditis
709 2085 797 2156 locis
816 2105 991 2180 persaepe
1011 2087 1187 2174 ineuntur,
1207 2095 1244 2156 ut
1262 2087 1416 2183 valeant,

146 2185 149 2190 ’
222 2191 346 2264 summi
364 2185 536 2282 Principis
558 2208 746 2283 expresso,
774 2188 832 2259 vel
862 2191 969 2258 tacito
990 2209 1168 2260 consensu
1186 2187 1343 2284 indigent
1372 2189 1416 2287 ⁶),

221 2294 279 2385 qui
300 2291 440 2362 nonnisi
458 2298 608 2380 urgente
629 2297 786 2360 extrema
804 2294 1032 2378 necessitate,
1052 2291 1110 2361 ubi
1130 2290 1303 2366 excidium
1325 2291 1415 2389 urbi,

221 2403 280 2466 aut
296 2393 436 2486 regioni
454 2387 653 2485 proximum
672 2393 841 2482 imminet,
869 2389 1026 2492 legitime
1044 2396 1288 2488 praesumitur,

626 2638 786 2724 ceput
811 2639 1000 2708 xxln.

254 2769 308 2854 ite
335 2770 475 2852 torno
501 2771 702 2877 inperii,
730 2777 773 2856 et
799 2774 1047 2879 {tegiminis
1075 2774 1115 2860 in
1141 2773 1378 2880 ituugcrin

743 2951 779 3037 s.
809 2954 894 3043 cac
1025 3036 1031 3046 .

502 3105 645 3176 Forma
671 3103 831 3194 Imperii
855 3107 893 3173 in
919 3103 1129 3199 Honparc‘o.

318 3252 562 3330 Determinare
601 3249 795 3339 subjectum
834 3253 957 3321 summi
990 3251 1132 3346 Imperii
1169 3252 1205 3325 in
1232 3249 1439 3342 Huugaria·
1538 3287 1539 3294 κ

216 3353 307 3425 idem
326 3364 401 3442 est,
430 3352 524 3448 quod
553 3351 786 3424 determinare
817 3350 965 3422 formam
997 3347 1160 3448 Imperii;
1198 3354 1317 3446 itaque
1347 3351 1415 3424 hoc

215 3457 474 3550 investigatum
494 3476 566 3525 non
586 3453 682 3524 aliud¹
696 3453 925 3525 recolendum
944 3447 1011 3542 est,
1029 3455 1150 3550 plures
1160 3457 1347 3550 imperent,
1370 3477 1414 3525 en

215 3581 324 3647 unus,
354 3569 388 3630 et
416 3581 485 3651 qua
514 3563 592 3627 cum
619 3556 828 3648 potestate?
864 3577 932 3649 quo
963 3562 1129 3649 cognito,
1165 3577 1314 3650 pronum
1341 3553 1415 3628 iiuit

211 3661 391 3752 iudicium,
421 3658 656 3729 democraticc
676 3658 734 3743 sit,
763 3679 807 3727 an
827 3661 1082 3752 aristomenen,
1110 3659 1170 3733 vel
1188 3657 1414 3731 monarchioa

214 3763 356 3857 Imperii
369 3759 501 3848 ¹forme,
527 3759 770 3851 Regimenque
790 3758 1000 3854 absolutum,
1024 3771 1082 3835 aut
1110 3760 1298 3834 suo'motic
1318 3769 1413 3834 tem-
1472 3805 1475 3810 ·

213 3874 385 3962 peretum.

243 4165 269 4230 ε)
289 4167 395 4220 vaitei:
415 4163 568 4238 iiittcttemi.
588 4168 617 4218 P.
634 4167 668 4217 li.
683 4165 717 4240 ¹G·
738 4166 837 4218 xvln.
856 4173 957 4234 etseq.

243 4251 272 4316 1’)
292 4254 368 4318 Quod
383 4254 452 4304 idem
473 4254 582 4318 egregie
603 4254 722 4304 illustrat
738 4252 790 4304 loc.
811 4252 855 4304 cit.

245 4333 270 4400 ⁸)
289 4337 423 4392 Consules
440 4339 483 4392 lrtc
500 4345 588 4406 oport.
606 4334 697 4406 ssiegtet
710 4341 748 4417 ⁴dc
765 4339 852 4396 curru.
868 4337 978 4404 uatem
995 4339 1026 4396 Iu
1045 4341 1065 4398 1.
1077 4338 1108 4396 0.
1124 4337 1261 4409 ΧΧΧΝ,
